3240 5212
306 1422 324 1520 t
350 1419 385 1501 5.
439 1419 490 1500 De
507 1357 875 1520 'praepositionibus
902 1416 1039 1518 quanti
1065 1415 1150 1498 sive
1176 1415 1307 1496 infimi

596 1572 739 1675 gnadun
765 1572 1023 1674 frequentiae.

592 1778 595 1785 ‘
712 1851 742 1919 1.
798 1841 918 1918 nnat.

281 2051 383 2140 Apud
396 2050 661 2138 Aristophanem
673 2051 853 2138 quinquies
866 2055 1002 2118 tantum
1015 2050 1178 2129 ooounnit,
1195 2054 1231 2116 et
1243 2049 1379 2138 quidem

236 2179 273 2244 in
295 2178 426 2245 melicis
450 2181 484 2242 et
507 2177 542 2242 in
566 2176 718 2263 parodia.

281 2301 321 2369 Α.
368 2301 469 2369 Cum
504 2300 663 2368 dativo.

281 2431 348 2502 Th.
381 2428 617 2523 995111ἀμρλ
636 2428 671 2497 δὲ
690 2428 742 2497 σοὶ
769 2435 934 2497 κτυπεῖται
943 2443 955 2525 f
974 2423 1196 2523 Κιθαιρώνιος
1214 2423 1311 2522 ἠχώ,
1333 2427 1378 2500 de

236 2574 316 2620 voee
341 2573 552 2640 repercussa,
576 2575 663 2642 quae
679 2575 781 2643 quem
801 2555 1038 2621 circumsonat.
1071 2552 1212 2619 Dativns
1227 2557 1379 2640 praeten-

233 2695 337 2762 quam
361 2674 425 2741 hoe
448 2675 519 2741 loeo
543 2656 688 2741 traditus
712 2680 764 2741 est
787 2673 885 2744 Nun.
912 2672 988 2744 595
1004 2694 1044 2742 m
1059 2672 1089 2742 L
1106 2672 1194 2766 ἀμφί
1212 2696 1266 2763 μοι
1280 2671 1377 2766 αὖτε,

233 2794 325 2897 Φοῖβ’
360 2793 461 2882 ἄναξ,
490 2795 591 2894 Δήλιε
615 2806 713 2886 cett,
737 2823 826 2890 quae
850 2802 1041 2869 Brunokius
1064 2803 1176 2870 reddit
1198 2823 1259 2890 per
1285 2803 1379 2870 «Huc

234 2923 314 2989 ades
339 2930 377 2990 tu
397 2942 538 3011 quoque
562 2927 646 2990 cet.»
695 2922 857 2990 Attamen
881 2924 956 2990 vide
981 2923 1085 2990 Koek.
1111 2923 1154 2989 ad
1178 2923 1211 2990 h.
1229 2923 1264 2989 t:
1291 2923 1379 2991 «Der

238 3041 359 3134 «νόμος
372 3040 484 3139 ὄρθιος
500 3045 559 3112 des
576 3044 789 3132 Terpandros
805 3045 958 3135 begann:
978 3043 1066 3138 ἀμφί
1079 3068 1134 3134 μοι
1149 3041 1239 3120 αὖτις
1254 3040 1377 3139 ἄναχθ’

236 3170 460 3270 «ἑκατηβόλον
501 3169 609 3266 ’ριόέτω
647 3168 735 3265 φρήν
774 3171 951 3260 [secuntur
989 3173 1052 3240 looi
1090 3174 1269 3258 nonnulli}
1316 3173 1379 3241 Mit

236 3302 365 3368 «dieser
387 3301 572 3388 Anrnsung
596 3299 768 3387 begionen
791 3298 880 3366 hiess
897 3297 1175 3392 ἀρριανακτίζειν.
1199 3300 1294 3367 Naoh
1309 3300 1375 3367 den

236 3428 485 3518 «angeiiihrten
516 3425 644 3494 Stellen
665 3427 711 3492 ist
733 3425 863 3516 Bergks
888 3426 1122 3517 Vermutung:
1149 3425 1236 3520 ἀμφί
1261 3448 1315 3515 μοι
1335 3421 1377 3492 αὖ

235 3569 317 3647 «σε,
344 3549 435 3651 Φοῖβ’
464 3549 565 3634 ἄναξ,
591 3553 671 3620 sehr
693 3553 1004 3621 walnrseheinliah.»

277 3678 325 3744 Eo
364 3677 466 3744 modo
505 3677 610 3766 igitur
647 3674 852 3762 praepositio
887 3674 1118 3741 accusativum
1153 3674 1241 3763 regit
1276 3680 1311 3740 et
1346 3674 1377 3740 vi

233 3802 398 3868 translata
422 3801 576 3889 praedita
599 3803 667 3876 est,
692 3797 735 3865 cf.
759 3796 797 3863 Β.
821 3798 860 3863 Π.

277 3927 314 3993 Β.
362 3925 463 3994 Cum
486 3922 755 3992 accusativo.

277 4046 301 4111 Ι.
347 4046 443 4117 Aah.
472 4043 620 4117 10721'
643 4043 690 4118 τίς
714 4042 799 4137 ἀμφὶ
820 4040 1063 4139 χαλκοφάλαρα
1085 4040 1225 4134 δώματα
1247 4050 1375 4136 κτοττεῖ;

232 4168 274 4233 <le
297 4168 461 4253 elamore,
486 4169 544 4257 qui
568 4169 707 4234 atomum
731 4169 972 4251 circumsonat,
998 4170 1118 4236 eodem
1134 4168 1240 4256 igitur
1256 4190 1375 4253 senso,

233 4313 337 4380 quem
361 4313 464 4380 supra
487 4292 590 4359 semel
614 4292 706 4379 apud
729 4292 881 4359 dativum
906 4294 1108 4360 notavimus.

277 4412 364 4503 Lys.
393 4409 714 4488 natumnatum
742 4410 768 4480 δ’
796 4411 881 4506 ἀμφὶ
907 4410 967 4489 τὰς
994 4413 1112 4505 γένυας
1141 4409 1247 4508 ἄρρος
1269 4413 1375 4508 ἤνσει.

234 4534 282 4600 Ex
308 4556 375 4624 quo
400 4536 471 4602 loeo
496 4537 607 4603 elucet
630 4538 680 4603 uis
703 4538 866 4624 primaria
889 4537 989 4604 huius
1007 4538 1282 4625 [transpositionis
1307 4560 1376 4626 qna
