3240 5212
233 611 261 658 c.
285 611 381 680 gen,
416 589 511 656 euius
546 587 665 679 saltem
703 586 794 675 apud
825 586 1091 674 Aristophanem
1124 585 1252 652 nullum
1283 585 1374 652 aliud

223 715 429 802 'exemplum
452 716 556 780 extat.
605 709 654 777 uf.
680 731 784 799 porro
807 710 870 777 Αν.
895 708 1002 794 4547,
1027 708 1263 777 9114948111.

172 894 177 903 .
278 838 308 907 3.
352 839 471 920 Ratio,
496 858 582 926 quae
606 837 697 904 inter
721 836 860 903 dantem
884 810 918 902 et
941 836 1164 923 accipientem
1184 836 1375 919 intercedit,

234 960 439 1049 conspicitur
462 959 538 1046 Lya
563 957 629 1024 997
654 956 720 1026 ἀπὸ
746 960 804 1025 τοῦ
826 954 862 1024 δὲ
886 954 1150 1024 του-1111111111
1173 956 1245 1048 ὑμῖν
1267 957 1376 1024 ἐνέπε-

235 1112 307 1177 σεν,
320 1096 333 1176 l
346 1087 412 1156 ἀπὸ
434 1077 561 1172 Πανόςς
585 1087 685 1175 Vesp.
706 1071 831 1170 95711,
856 1085 977 1170 97911,
1001 1085 1063 1152 Αν.
1089 1085 1155 1153 798
1172 1108 1204 1153 n.
1227 1085 1252 1172 ¹)

277 1211 308 1279 4.
355 1211 551 1297 Usurpatur
573 1208 616 1275 ad
639 1208 880 1291 indicandum,
902 1207 992 1274 unde
1008 1208 1220 1285 coniectura,
1237 1228 1374 1291 nomen,

234 1358 325 1422 moe,
350 1336 521 1413 doctrina,
547 1333 680 1401 allectio
703 1332 828 1416 animi,
852 1331 989 1415 similia,
1018 1333 1186 1420 originem
1200 1333 1377 1399 duxerint:

233 1604 333 1672 τομαι
371 1583 427 1652 τὸν
474 1581 624 1680 Λέπρεον
653 1582 719 1651 ἀπο
760 1576 973 1674 Μελανθίου,
1017 1582 1103 1650 Nub.
1138 1581 1205 1650 385
1228 1606 1268 1659 n,
1313 1582 1375 1650 Av.

234 1703 361 1792 37511,
390 1707 510 1792 38911,
543 1705 661 1792 48511,
695 1705 811 1792 48911,
835 1705 970 1773 4799111
995 1705 1059 1782 Tr,
1083 1705 1159 1791 Lys.
1183 1701 1265 1788 438,
1290 1704 1377 1771 Eccl.

237 1826 318 1915 780,
342 1830 431 1899 Plut.
456 1830 522 1899 579
535 1853 568 1899 n.

279 1953 309 2021 5.
355 1955 605 2024 Adiumentum
636 1955 686 2022 vel
718 1955 988 2022 instrumentum
1018 1953 1160 2030 indicat,
1185 1954 1213 2020 si
1236 1954 1286 2028 id,
1310 1974 1377 2044 quo

235 2078 287 2146 vel
319 2081 417 2148 cuius
449 2102 512 2169 ope
537 2081 618 2169 quid
642 2079 802 2162 efficitur,
828 2079 997 2168 cogitatur
1020 2084 1184 2167 tanquam
1210 2080 1262 2163 id,
1287 2080 1378 2146 unde

236 2201 317 2288 quid
340 2202 516 2288 provenit,
533 2202 588 2291 (cf.
607 2201 642 2269 ἐκ
662 2202 708 2268 II:
734 2200 777 2288 7);
795 2199 854 2288 Eq.
874 2198 941 2267 538
954 2221 976 2266 n
993 2189 1059 2266 α’πλ
1074 2203 1211 2296 σμικροῖς
1226 2185 1377 2294 ὃαποίνης

238 2325 323 2417 ὑμᾶς
350 2326 542 2424 ἀριστίζων,
576 2330 662 2399 Nub.
689 2327 754 2395 768
777 2327 838 2422 τὴν
865 2323 958 2395 λί9ον
975 2380 982 2394 .
999 2380 1006 2395 .
1022 2380 1054 2396 ..
1095 2324 1153 2422 ἀφ’
1181 2329 1223 2423 ἧς
1249 2329 1286 2396 τὸ
1312 2334 1377 2426 πῦρ

236 2450 396 2549 ἅπτουσι,
421 2457 503 2524 Aeli.
518 2456 585 2524 999
600 2479 636 2523 m
660 2449 739 2523 ὥστ’
762 2452 960 2549 ἀλείφεσθαί
973 2455 1002 2524 c'
1025 2455 1080 2525 ἀπ’
1103 2454 1214 2524 αὐτῶν
1231 2454 1294 2552 (sc.
1308 2463 1375 2526 τῶν

237 2579 380 2678 ἐλᾴδιον)
414 2581 500 2675 κάμὲ
527 2589 596 2660 ταῖς
637 2585 849 2678 νουμηνίαις,
875 2585 933 2673 Eq.
959 2584 1025 2652 788
1045 2607 1084 2662 n,
1114 2587 1214 2674 Vesp.
1239 2585 1377 2672 399111,

236 2706 355 2792 95911,
384 2707 487 2785 4953,
517 2707 595 2774 Pac.
625 2706 707 2785 850,
732 2708 792 2774 Av.
809 2705 913 2784 4434,
937 2707 1015 2794 Lys.
1038 2705 1105 2772 499
1120 2728 1161 2792 11,
1185 2708 1270 2775 Ran.
1295 2707 1378 2793 494,

236 2821 375 2906 493511,
400 2821 504 2900 4999,
529 2821 633 2906 4994,
658 2823 745 2890 Eecl.
769 2822 836 2889 599
850 2845 889 2901 n,
914 2822 1037 2907 99511,
1057 2821 1143 2889 Plut.
1161 2821 1243 2909 377,
1256 2822 1322 2890 599
1338 2846 1379 2909 11,

237 2946 291 3014 Fr.
324 2947 387 3016 594
403 2969 438 3014 m
463 2947 619 3037 (4113),-
640 2947 789 3015 Subinde
813 2948 906 3014 notio
931 2946 995 3014 sub
1013 2945 1049 3033 9)
1073 2953 1261 3015 memorata
1285 2970 1379 3016 acce-

238 3067 303 3135 dit:
340 3068 400 3158 Eq.
440 3068 546 3136 49711
571 3065 654 3165 ἀτὰρ
692 3066 792 3163 δῆλόν
826 3067 855 3160 γ’
889 3063 946 3161 ἀφ’
984 3065 1020 3133 οὔ
1055 3065 1216 3161 ξυνέγνω,
1252 3069 1378 3158 53911,

239 3188 328 3256 Nub.
351 3187 472 3274 39911,
497 3191 597 3279 Vesp.
623 3191 711 3259 4989
725 3214 768 3259 m.
795 3231 836 3241 —-
854 3191 1004 3259 Subinde
1020 3191 1122 3257 etiam
1141 3190 1273 3258 obtinet
1289 3192 1382 3257 notio

237 3310 344 3398 partis
380 3311 517 3377 demtae
552 3312 594 3378 de
618 3319 707 3380 toto:
745 3312 831 3380 Plut.
868 3312 970 3380 59911
993 3309 1241 3408 πλουτήσαντες
1267 3309 1294 3379 δ’
1313 3311 1379 3380 ἀπο

238 3440 305 3504 τῶν
333 3440 468 3529 κοινῶν,
493 3436 568 3505 899.

284 3565 315 3633 9.
352 3563 440 3654 Lys.
475 3563 628 3637 1207111
663 3561 761 3660 ἄρτος
793 3563 858 3633 ἀπο
890 3565 1029 3659 χοίνικος
1059 3567 1298 3655 explicandum
1329 3573 1382 3634 est

238 3714 300 3782 per
323 3694 457 3782 ellipsin
474 3695 625 3782 genetivi
647 3689 806 3790 ἀλεύρων,
822 3728 863 3754 τ.-
879 3717 895 3761 ιι
901 3696 997 3783 panis
1009 3694 1143 3783 (factus)
1160 3715 1200 3760 ex
1217 3694 1382 3760 choenica

240 3815 402 3905 (ferrioli.
449 3815 498 3881 De
523 3818 682 3899 materia,
714 3839 755 3884 ex
780 3839 849 3906 qua
878 3817 959 3906 quid
983 3822 1133 3894 constat,
1165 3817 1261 3904 volgo
1286 3837 1383 3882 usur-

239 3943 344 4025 patur
369 3935 420 4018 ἐκ,
446 3937 487 4004 cf.
513 3935 548 4003 ἐκ
571 3937 614 4004 ll:
640 3938 670 4005 9.

248 4099 448 4109 -..ωας-υ...»-

280 4220 299 4286 ¹)
328 4217 378 4272 Th.
407 4219 476 4271 1939
495 4239 521 4272 m
549 4220 571 4273 'l'
598 4219 671 4274 locus
699 4223 845 4291 corruptus,
884 4220 912 4272 Si
940 4219 991 4276 ἀπὸ
1020 4220 1048 4276 δὲ
1077 4221 1208 4294 συγγόνων
1236 4218 1334 4290 pendet
1353 4237 1384 4272 cx

240 4318 378 4383 πέπονθα,
408 4315 551 4386 legendum
580 4320 620 4370 cst
646 4317 707 4373 ὑπὸ.
728 4348 763 4356 -
782 4316 853 4370 Eecl.
874 4320 890 4369 4
909 4317 932 4370 Τ
951 4327 1036 4393 τροχῷ
1057 4318 1109 4392 ’γὰρ
1130 4317 1233 4380 ἐλαθεὶς
1250 4326 1387 4390 κεραμικῆς

240 4412 322 4486 ῥύμης
343 4410 412 4479 α’ίπο,
433 4411 528 4483 Blayd.
548 4416 620 4466 recto
639 4413 755 4467 restituit
774 4417 835 4470 ὕπο.
861 4445 896 4453 -·
915 4415 986 4468 lton.
1007 4416 1057 4467 799
1078 4416 1153 4489 νόμος
1174 4439 1210 4477 τις
1227 4410 1317 4471 ἐνθάδ’
1333 4417 1387 4470 ἐστὶ

241 4508 371 4583 acatal
398 4509 448 4564 ἀπὸ
476 4520 525 4564 τῶν
554 4519 650 4584 τεχνῶν
676 4512 739 4564 cett.
776 4490 907 4562 Meinekii
935 4509 1088 4563 coniectura
1107 4513 1164 4584 περὶ
1183 4509 1325 4564 admodum
1346 4514 1388 4564 est

243 4599 401 4669 probabilis:
420 4618 488 4669 quae
508 4600 626 4653 Koelrius
645 4601 722 4665 citat,
743 4600 866 4655 huonon
885 4601 1028 4672 pertinent.
