3256 5220
791 309 924 384 79v

241 511 356 577 vert't:
395 509 666 597 «Phrynichus».
722 509 847 577 Dubito
882 533 966 578 num
1002 517 1105 578 recte.
1159 511 1250 578 Haec
1286 513 1379 579 enim

239 635 361 701 locutio
396 636 614 722 amplectitur
649 635 795 724 aliquem
832 636 989 720 cumiis,
1014 657 1203 724 quaecum
1228 638 1382 704 comitari

239 760 356 827 solent.
405 759 557 827 Subinde
584 765 643 826 aut
666 780 813 848 persona
836 761 997 848 princeps
1021 766 1081 829 aut
1104 763 1288 830 comitatus
1312 763 1383 829 eius

239 883 408 970 imprimis
440 882 667 970 intellegitur,
693 883 753 949 sed
777 882 808 947 οἱ
831 879 907 975 περί
927 904 997 948 τινα
1015 902 1076 970 pro
1093 880 1139 958 τλς
1154 884 1381 951 recentiorum

240 1007 308 1088 est,
334 1007 372 1069 ut
394 1002 525 1090 Polybii
549 1003 591 1069 cf.
616 996 768 1070 Kiihner.
792 1005 823 1070 ll
847 1026 878 1092 p.
904 1003 988 1090 230,
1013 1005 1158 1093 Kriiger.
1176 1008 1193 1090 ᾖ
1209 1005 1271 1071 50:
1286 1005 1323 1072 5:
1342 1004 1397 1086 6,

113 1169 116 1175 ·
240 1123 361 1191 Krebs.
393 1146 425 1211 p.
450 1122 534 1190 130:
563 1123 643 1190 «Die
667 1124 859 1193 Redensart
883 1127 912 1192 oi
937 1124 1013 1219 περί
1034 1128 1097 1193 mit
1119 1127 1228 1193 einem
1245 1131 1385 1213 perstin-

243 1245 371 1312 ‹dichen
404 1265 529 1313 nornen
552 1244 731 1333 proprium
754 1245 952 1315 bezeichnet
976 1248 1030 1314 bei
1054 1249 1120 1314 den
1143 1246 1300 1314 Antoren
1324 1247 1385 1313 der

244 1369 426 1437 «friiheren
462 1368 612 1458 Sprache
648 1370 701 1437 die
735 1370 946 1462 Umgebung
975 1374 1070 1440 einer
1101 1371 1382 1449 Persiinlichlieit,

171 1536 173 1540 2
244 1495 391 1562 «welche
426 1495 477 1562 als
512 1495 754 1583 Hauptperson
790 1497 861 1563 sich
896 1498 983 1564 iiber
1018 1498 1072 1564 die
1107 1497 1281 1565 Genossen
1313 1497 1383 1564 und

244 1619 453 1708 «Anhiinger
487 1626 648 1709 vermdge
674 1620 775 1687 'ihres
812 1622 1036 1689 moralischen
1073 1623 1155 1690 oder
1184 1622 1384 1710 politischen

246 1743 455 1812 «Gewichtes
495 1745 648 1811 erhebtu.
706 1745 806 1834 Vesp.
845 1745 933 1813 1302
972 1747 1077 1836 igitur
1111 1748 1154 1814 de
1188 1746 1383 1833 Phrynicho

243 1866 383 1954 eiusque
407 1867 507 1933 sociis
530 1867 754 1956 cogitandum
777 1871 838 1934 est.
871 1868 1053 1935 Praeterea
1068 1869 1251 1936 formulam
1269 1865 1385 1961 οἱπερὶ

241 1986 402 2086 Φρύνιχον
439 1993 588 2082 quinque
623 1993 822 2060 nominibus
856 1994 1004 2082 propriis
1035 1996 1177 2073 addere,
1204 1997 1269 2062 nisi
1292 1997 1318 2064 si
1344 2017 1384 2063 eo

243 2117 342 2182 modo
378 2115 443 2181 alia
478 2115 643 2203 quaedam
680 2135 783 2202 quam
820 2115 942 2181 ceteris
973 2116 1141 2182 sententia
1164 2118 1384 2204 exprimitur,

242 2241 409 2306 sermonis
433 2238 623 2328 elegantiae
647 2244 828 2326 repugnat..

286 2364 336 2431 Ea
370 2369 557 2441 structura,
594 2384 698 2451 quam
731 2383 834 2450 supra
865 2363 969 2429 semel
993 2363 1084 2451 apud
1107 2365 1303 2452 genetivum
1330 2367 1383 2444 (ct.

240 2489 283 2555 Il:
309 2488 346 2579 3)
369 2489 580 2571 notavimus,
605 2488 657 2554 bis
681 2487 772 2575 apud
796 2489 1025 2555 accusativum
1050 2491 1214 2555 occurrit:
1240 2490 1300 2556 Th.
1317 2490 1384 2558 246

241 2607 335 2687 αἰθὸς
367 2610 548 2704 γεγένημαι
582 2607 688 2677 πάντα
722 2606 764 2677 τά
798 2608 870 2704 περὶ
896 2609 958 2703 τὴν
985 2607 1122 2705 τράμιν7
1152 2613 1223 2683 256
1250 2608 1298 2679 ἴθι
1326 2636 1381 2679 νον

241 2712 452 2808 κατάστειλόν
481 2763 523 2830 με
549 2736 591 2806 τά
617 2737 689 2833 περὶ
715 2737 764 2805 τὼ
793 2737 914 2832 σκέλη,
941 2761 1149 2828 quamquam
1174 2742 1287 2829 priore
1311 2742 1384 2809 loco

242 2869 369 2936 additio
392 2869 525 2935 articuli
551 2868 740 2955 explicatur
763 2867 926 2935 vocabulo
949 2863 1067 2933 πάντα.
1104 2867 1267 2954 Exempla
1282 2868 1385 2934 huius

242 2991 375 3079 generis
413 3011 453 3057 ex
493 2990 690 3077 Thucydide
728 2990 867 3056 collecta
904 2990 1128 3056 inveniuntur
1154 2985 1258 3074 'apud
1297 2988 1384 3054 Deb-

210 3114 329 3185 .bert.
374 3136 403 3202 p.
444 3114 507 3199 27,
550 3114 591 3181 cl.
637 3134 740 3202 porro
784 3114 933 3180 Kiihner.
972 3113 1001 3180 ll
1042 3136 1069 3201 ρ.
1112 3111 1196 3189 427,
1236 3113 1384 3201 Kriiger.

243 3239 340 3327 §dtu
365 3238 426 3306 33:
451 3238 484 3305 3.

287 3364 318 3430 2.
366 3363 402 3430 Si
426 3364 548 3436 modus
572 3363 805 3429 circumdandi
829 3363 1054 3450 incompletus
1078 3367 1146 3428 est:
1177 3382 1253 3429 cum
1279 3361 1384 3428 verbo

242 3487 400 3554 movendi
424 3486 508 3553 Ach.
533 3485 577 3552 96
601 3481 719 3578 ἥπερλ
737 3479 839 3578 άκραν
859 3480 1019 3574 κάμπτων
1039 3478 1213 3550 νεώσοικον
1234 3488 1382 3570 σκοπεῖς;

241 3613 317 3700 Lys.
341 3613 395 3680 17.
428 3614 502 3681 Huc
525 3614 628 3680 etiam
653 3613 801 3702 pertinet
824 3613 906 3680 Ach.
932 3611 1022 3680 ll80
1044 3610 1118 3706 cepi
1136 3607 1228 3678 λίθον
1248 3607 1380 3702 πεσών,

242 3763 365 3831 nempe
396 3744 444 3810 ita
474 3730 514 3811 nt
539 3743 622 3831 lapis
646 3764 787 3832 corpore
812 3748 956 3832 tegatur.
982 3744 1233 3811 —Notionem
1258 3744 1383 3833 quietis

242 3865 346 3932 habes
370 3867 453 3932 Ach.
477 3864 521 3931 97
546 3860 674 3954 ἄσκωμ’
697 3863 785 3958 ἔχεις
811 3889 875 3931 που
901 3862 976 3958 περὶ
999 3864 1054 3931 τόν
1079 3861 1254 3959 ὀφθαλμὸν
1278 3851 1380 3933 κάτω.

286 3985 317 4054 3.
365 3986 515 4055 Subinde
550 3989 642 4055 notio
678 3989 845 4075 primaria
880 3988 1111 4055 circumdandi
1144 3988 1186 4055 ab
1223 3988 1383 4056 omnibus

241 4109 393 4196 partibus
428 4129 569 4197 prorsus
603 4110 757 4183 evanuit,
796 4111 842 4175 'ta
875 4114 915 4176 ut
948 4106 1024 4202 περί
1056 4115 1192 4175 tantum
1224 4109 1382 4175 viciniam

239 4234 382 4303 indicet:
410 4237 490 4303 Ach.
515 4235 581 4303 692
597 4258 632 4303 m
668 4238 772 4302 ταῦτα
807 4239 880 4311 πῶς
915 4228 1024 4303 εἰκότα
1060 4229 1184 4329 γέροντ’
1221 4232 1384 4302 ἀπολέσαι

242 4360 355 4429 πολιλν
376 4358 479 4458 ἄνδρα
497 4362 571 4458 περλ
589 4360 793 4459 κλεψύδραν7
818 4365 905 4433 Nub.
930 4366 997 4433 509
1021 4360 1147 4458 χώρει·
1163 4362 1195 4431 τί
1211 4349 1382 4441 κυπτάζεις

245 4489 334 4585 ἔχων
353 4490 428 4588 περὶ
445 4491 506 4586 τὴν
522 4487 644 4587 dipem
669 4493 746 4560 Pac.
771 4492 833 4560 734
849 4515 871 4558 n
896 4491 971 4587 περὶ
991 4489 1050 4569 τάς
1069 4490 1192 4586 σκηνὰς
1210 4477 1382 4571 κυπτάζειν
