3240 5212
1325 723 1374 764 Blz.

1295 808 1374 846 1-1x

233 881 262 936 1.
299 882 546 952 Prolegomena
582 920 1302 936 .................
1356 882 1372 934 1

300 987 355 1058 §L
393 987 441 1041 De
477 985 647 1058 gradibus
683 987 910 1057 frequentiae
942 986 1239 1059 praepositionum
1271 992 1304 1043 et

394 1112 531 1148 oasuum
538 1134 1301 1150 ..................
1358 1096 1374 1149 3

299 1200 354 1271 §t
392 1200 438 1253 De
457 1199 689 1254 collocatione
708 1199 1005 1271 praepositionum
1029 1240 1302 1255 .......
1359 1203 1374 1256 8

395 1307 419 1360 1.
457 1305 608 1360 Particulae
627 1310 654 1361 et
672 1306 738 1360 aliae
757 1325 845 1371 voces,
866 1305 963 1376 quibus
976 1305 1138 1379 praepositio
1151 1325 1166 1360 a
1179 1324 1242 1361 oasu
1254 1325 1303 1362 suo

389 1470 390 1474 ,
456 1416 593 1484 separatur
630 1454 1302 1469 ................
1358 1416 1373 1469 8

395 1521 419 1574 6.
456 1520 584 1575 Tmesis
587 1561 1257 1575 ................
1270 1557 1301 1575 «.
1338 1522 1372 1574 11

395 1628 420 1680 3.
457 1627 602 1682 Colloeatio
629 1625 835 1699 praepositionis
862 1626 933 1680 inter
960 1625 1157 1680 substantivum
1186 1630 1213 1681 et
1231 1627 1303 1681 attri-

456 1731 551 1787 butum
583 1773 1303 1788 .................
1340 1734 1374 1785 13

394 1840 420 1893 4.
456 1839 626 1911 Apostrophe
632 1880 948 1894 ........
956 1825 960 1833 “
987 1880 1302 1893 ........
1339 1839 1373 1891 15

299 1945 355 2016 tt.
383 1944 1215 2018 ¹Depraepositionesemelpositaveliteruta.
1253 1987 1259 1998 .
1297 1987 1302 1997 .
1340 1946 1375 1998 16

394 2052 419 2106 1.
456 2054 528 2106 Ante
546 2051 739 2124 appositionem
764 2092 1302 2106 .............
1340 2053 1375 2105 16

395 2159 420 2212 6.
456 2158 530 2213 Ante
547 2151 665 2212 membra
683 2158 889 2230 comparationis
896 2199 1303 2212 ..........
1340 2159 1375 2211 16

395 2264 420 2316 3.
457 2263 523 2317 Post
541 2263 684 2335 particulas
702 2263 867 2335 copulativae
885 2267 941 2318 oett
943 2305 1303 2317 .........
1341 2264 1374 2316 17

395 2371 420 2422 4.
456 2369 491 2422 ln
509 2369 708 2439 quaestionibus
727 2373 754 2424 et
772 2369 991 2441 responsionibus
1009 2369 1133 2442 eiliptiois
1165 2412 1171 2423 .
1209 2412 1214 2424 .
1254 2413 1259 2422 .
1298 2413 1303 2423 .
1342 2371 1375 2422 19

300 2477 355 2547 tt.
392 2473 480 2529 Alia
507 2474 797 2546 praemonenda
810 2517 1039 2531 ......
1062 2514 1065 2519 -
1078 2517 1304 2530 ......
1342 2477 1374 2529 61

394 2579 419 2632 1.
457 2579 522 2654 Πρός
540 2578 696 2633 adverbium
719 2620 1304 2634 ..............
1342 2580 1375 2632 61

395 2679 419 2731 6.
457 2677 597 2749 Copulatio
615 2678 841 2751 praepositionum
861 2697 921 2732 cum
939 2677 1073 2733 adverbiis
1092 2683 1120 2733 et
1137 2677 1305 2733 infinitivis.
1343 2679 1376 2731 61

396 2787 419 2838 3.
455 2784 614 2839 Coniunctio
632 2785 858 2857 praepositionum
878 2804 937 2840 oum
957 2785 1050 2839 formis
1068 2784 1199 2839 eneiitiois
1213 2802 1306 2856 prono·

457 2890 559 2944 minum
579 2891 757 2963 personalium
761 2933 1303 2948 .............
1342 2893 1377 2946 66

395 2997 420 3049 4.
449 2987 511 3051 Ἐνι
528 3009 558 3038 :
575 2993 656 3051 ἔνεστι
675 2999 730 3049 cett
732 3034 1305 3050 ..............
1343 2994 1377 3047 63

396 3097 419 3149 5.
457 3093 618 3165 Aphasrosis
628 3134 1305 3151 ................
1344 3094 1378 3147 63

396 3203 421 3256 6.
458 3201 546 3255 Crasis
584 3244 605 3274 ,Ι
629 3241 1307 3255 ................
1345 3202 1377 3253 65

397 3311 421 3363 7.
458 3308 585 3380 Apoeope
587 3348 1307 3362 .................
1344 3308 1377 3360 65

397 3414 419 3466 8.
456 3412 498 3476 Ἐς
519 3409 598 3482 (εἰς),
622 3414 665 3478 ξύν
687 3409 776 3482 (σύν),
800 3411 853 3479 ἐνί,
872 3412 937 3466 ὑπαί
942 3451 1306 3466 .........
1345 3410 1379 3462 66
