3240 5212
793 398 837 467 27

244 590 353 678 «quod
385 590 590 680 quibusdam
617 593 745 681 placuit
768 593 811 661 ab
836 593 954 683 regula
976 615 1068 673 mea,
1094 595 1228 662 etiamsi
1250 595 1286 662 in
1309 595 1384 663 uni-

241 734 398 782 «versum
428 736 508 783 vera
539 737 613 784 esse
642 717 765 806 possit,
797 723 915 786 tamen
942 718 1107 786 vocabula
1136 720 1320 808 quaedam,
1344 725 1384 788 ut

241 833 419 931 «εἰσφορά,
452 838 543 927 quod
566 839 614 906 sic
637 840 672 905 in
694 820 972 927 inscriptionibus
996 845 1193 908 constanter
1216 842 1382 930 scripturn

220 965 444 1056 *creperitun
481 964 533 1030 vel
564 985 693 1053 genera
724 963 988 1050 vocabulorum,
1025 967 1116 1034 velut
1140 965 1382 1060 ἐπεισπίπτειν,

239 1089 466 1184 «ἐπεισφέρειν
498 1095 533 1157 et
564 1092 628 1158 alia
659 1091 855 1159 huiusmodi
878 1091 1119 1179 bicomposita,
1146 1105 1283 1161 exemta
1307 1115 1382 1163 esse

240 1213 382 1294 «videri,
418 1234 582 1303 magnam
615 1213 687 1281 veri
722 1213 869 1300 speciem
905 1213 1025 1293 habet,
1062 1235 1169 1303 quum
1199 1237 1263 1283 nec
1295 1217 1382 1284 ratio

241 1339 362 1406 «huius
409 1338 613 1407 discriminis
660 1343 825 1426 appareat
866 1343 901 1405 et
943 1338 1178 1427 exemplorum
1219 1361 1384 1409 numerus

239 1464 465 1554 «perexiguus
495 1464 548 1530 sit.
596 1461 812 1550 Scriptorum
842 1463 996 1551 ipsorum
1018 1468 1135 1531 utrum
1159 1469 1257 1532 tanta
1280 1465 1384 1533 fuerit

239 1588 436 1676 «diligentia
466 1593 506 1656 ut
536 1587 579 1655 ab
609 1586 739 1676 regulis
770 1607 855 1675 quas
885 1586 949 1655 sibi
978 1589 1185 1676 scripserant
1212 1610 1382 1678 nusquam
1450 1566 1455 1575 ³

238 1708 487 1776 «desciscerent
523 1728 635 1798 neque
670 1713 731 1775 aut
765 1728 846 1775 casu
882 1712 943 1775 aut
976 1709 1167 1797 euphoniae
1198 1711 1311 1799 gratia
1338 1711 1383 1786 εἰς

238 1829 364 1896 «etiam
398 1836 478 1897 ante
514 1832 740 1897 consonantes
774 1833 825 1912 et,
858 1829 951 1917 quod
982 1829 1095 1898 minus
1123 1829 1284 1898 credibile
1311 1840 1382 1918 est,

240 1951 292 2027 «ἐς
316 1955 389 2020 sine
414 1952 516 2019 metri
540 1950 742 2036 necessitate
765 1957 847 2017 ante
868 1951 1001 2018 vocales
1018 1961 1202 2042 ponerent,
1220 1955 1298 2024 sciri
1313 1975 1383 2022 non

240 2077 388 2162 «potest,
412 2093 519 2161 quum
545 2071 677 2138 codices
700 2070 804 2138 fidem
828 2071 892 2138 sibi
914 2072 980 2160 ipsi
997 2072 1164 2164 abrogent
1181 2096 1250 2143 non
1267 2076 1379 2143 solum

238 2195 489 2263 «inconstantia
523 2215 601 2278 sua,
637 2193 695 2261 sed
733 2193 836 2260 etiam
868 2192 913 2268 εἰς
940 2207 976 2264 et
1003 2193 1037 2270 ἐς
1059 2197 1235 2265 interdum
1258 2203 1380 2266 contra

238 2319 361 2386 «metri
384 2317 475 2406 leges
500 2316 635 2383 illatis»

279 2441 308 2506 b.
354 2438 500 2505 Kiihner
533 2437 564 2521 I,
598 2457 630 2524 p.
659 2435 725 2504 687
750 2438 852 2505 dicit:
891 2437 971 2506 «Boi
993 2439 1233 2528 Aristophanis
1256 2443 1301 2509 ist
1325 2437 1379 2518 ξύν

237 2564 392 2653 hauliger
415 2564 464 2630 als
487 2556 579 2629 σύν.»
630 2560 832 2629 Accuratius
857 2563 1063 2651 investigata
1080 2585 1133 2632 res
1150 2567 1199 2633 sic
1215 2567 1379 2637 sehabet.

235 2685 271 2752 Si
305 2685 494 2752 omittimus
525 2683 743 2750 manifestam
773 2683 1069 2771 interpolationem
1105 2686 1164 2752 Th.
1197 2686 1262 2774 102
1277 2710 1313 2754 ιιι
1334 2688 1377 2778 ¹),

235 2808 347 2874 forma
363 2802 417 2883 ξύν
434 2812 547 2874 metro
564 2805 750 2894 requiritur
765 2805 786 2870 2
802 2805 902 2872 locis:
920 2805 1007 2872 Nub.
1025 2804 1092 2873 580
1103 2829 1136 2891 n,
1156 2808 1251 2896 Vesp.
1265 2808 1378 2896 35911,

236 2931 294 3002 σύν
318 2935 340 3001 5
362 2935 459 3003 locis:
485 2934 545 3002 Av.
570 2932 660 2999 1722
677 2954 726 3016 m,
751 2933 827 3020 Lys.
852 2929 942 3031 1039
958 2952 997 3016 n,
1022 2931 1125 3012 lma,
1154 2937 1233 3002 ltan.
1252 2936 1377 3023 tuom,

233 3057 332 3126 1190.
381 3057 548 3126 Undecim
582 3055 704 3123 ceteris
736 3054 817 3122 locis
845 3059 992 3143 utraque
1025 3055 1136 3122 forma
1159 3063 1271 3125 metro
1295 3060 1379 3126 tole-

233 3183 339 3247 ratur.
376 3178 470 3246 Libri
495 3177 662 3266 praebent
680 3170 733 3252 Εύν
751 3178 878 3256 decies,
904 3170 963 3242 σύν
979 3178 1159 3266 quinquies
1175 3177 1379 3267 (secundum

234 3301 347 3367 varias
377 3300 539 3368 lectiones
571 3298 727 3367 editionis
756 3297 1007 3382 Dindorfranae)
1040 3304 1076 3366 et
1098 3305 1278 3387 praeterea
1300 3301 1377 3370 Pac.

233 3423 334 3491 35611
358 3424 384 3490 T
415 3424 506 3509 (bis),
537 3422 595 3490 ubi
627 3427 743 3490 tamen
776 3422 980 3496 Meiuekius,
1005 3423 1137 3490 ratione
1160 3425 1277 3492 habita
1300 3447 1377 3493 cum

233 3545 333 3634 Vesp.
367 3543 454 3612 1081
470 3567 492 3611 ιι
512 3544 555 3628 Τ,
584 3547 677 3610 recte
702 3543 849 3610 formam
874 3539 927 3618 ξύν
952 3545 1117 3630 restituit,
1143 3546 1184 3612 cf.
1209 3544 1308 3613 Dind.
1333 3548 1377 3614 ad

236 3666 331 3754 Vesp.
359 3664 462 3749 1081,
489 3666 564 3732 Pae.
590 3662 667 3730 356.
778 3666 784 3679 ⁸

277 3809 302 3855 c.
348 3786 614 3875 Praepositionis
631 3784 665 3852 ἐν
683 3787 787 3854 semel
804 3787 839 3853 in
856 3787 995 3874 parodia
1010 3789 1143 3875 tragica
1160 3793 1255 3856 extat
1267 3789 1378 3856 forma

136 4004 139 4009 .
234 3908 296 3982 ol:
321 3911 399 3979 Nub
435 3911 611 3980 ll5omT
633 3910 733 3980 τοῖσδ’
762 3911 808 3980 ἐνὶ
836 3909 967 4003 δώμασι
994 3919 1080 3989 παῖς.

246 4149 443 4157 ·---—-—.--—-

273 4320 292 4385 ¹)
312 4317 375 4371 Vid.
405 4316 501 4372 Dind.:
530 4319 592 4385 ,ξὺν
621 4321 744 4394 ἐλευθέρᾳ
766 4321 874 4396 πατρίδι
896 4326 1076 4396 χορεύσασθσιι
1097 4321 1275 4397 (χορεύσασθε
1295 4323 1376 4378 Bent-

233 4413 329 4482 ‚‚leius)
358 4415 442 4488 βοάν,
465 4414 536 4484 quod
555 4414 753 4486 interpolatoris
772 4422 949 4473 commentum
970 4424 1021 4481 est,
1042 4419 1089 4489 qui
1107 4437 1210 4473 vorsum
1230 4420 1376 4488 defectum,

233 4503 338 4569 ,‚illato‚
368 4504 415 4573 qui
443 4505 544 4560 alienus
572 4505 606 4560 ab
635 4506 685 4560 hoc
714 4506 830 4561 carmine
849 4512 903 4572 est,
923 4508 1044 4564 trimetro
1063 4508 1176 4566 iambico
1195 4511 1376 4581 redintegrare

234 4598 346 4648 conotus
365 4594 431 4648 est.''
