3240 5212
242 578 323 673 ἀνά,
347 578 449 673 μετοί7
464 581 554 677 περί,
567 603 664 672 quae
687 585 723 650 in
747 583 865 672 lingua
887 582 1018 671 volgari
1041 581 1192 648 dativum
1215 581 1378 669 paulatim

238 704 402 783 abiciunt,
427 725 530 794 quem
553 706 589 772 in
613 724 773 772 sermone
796 703 930 791 poetico
950 703 1138 771 diutissime
1161 703 1326 780 retinent,
1345 706 1401 769 et·

240 826 447 912 praepositio
472 822 548 918 σύν,
578 827 673 894 cuius
703 825 791 908 vice,
823 829 1064 914 praeterquam
1087 825 1123 890 in
1145 822 1263 912 lingua
1286 844 1380 891 mere
1407 858 1408 863 κ

235 950 384 1037 poetica,
402 954 512 1042 magis
536 954 712 1044 magisque
736 952 895 1039 fungitur
917 951 1125 1040 praepositio
1147 947 1231 1040 μετά
1248 969 1274 1016 c.
1300 970 1376 1040 gen.

282 1071 438 1160 Denique
468 1074 660 1157 videamus,
693 1093 864 1161 quaenam
889 1073 976 1139 ratio
999 1073 1088 1139 inter
1111 1072 1260 1162 singulos
1283 1093 1380 1139 casus

239 1195 331 1283 apud
355 1197 505 1287 singulas
528 1199 796 1288 praepositiones
819 1198 1025 1265 intercedat:

280 1319 311 1386 1.
347 1321 714 1411 praepositiones
737 1344 831 1390 cum
856 1343 939 1390 uno
963 1343 1081 1390 casu:

309 1459 335 1541 a.
355 1487 509 1544 Genetivns.
779 1493 802 1545 b.
821 1490 944 1545 Dativus.
1123 1511 1144 1545 c.
1164 1490 1346 1545 Accusativns.

319 1597 391 1666 ἀντί
445 1602 490 1670 16

315 1727 381 1824 πρό
444 1730 488 1798 19
512 1729 571 1820 (35
594 1729 659 1824 πρὸ
685 1723 759 1823 τοῦ)

320 1855 387 1924 ἀπό
427 1856 490 1924 111
789 1851 848 1921 σύν
888 1855 934 1923 18

312 1993 495 2062 em
787 1992 934 2059 nm

301 2091 493 2235 fffi
860 2132 927 2200 m

241 2400 244 2407 ¹
277 2322 309 2389 2.
346 2318 721 2405 Praepositiones
745 2341 839 2389 cum
864 2320 1033 2389 duobus
1057 2319 1250 2388 casibus:

485 2476 510 2512 o.
531 2458 687 2516 Genetivus.
956 2464 980 2517 b.
999 2461 1183 2516 Accusativus.

506 2569 588 2666 ὑπέρ
628 2573 673 2641 22
1085 2544 1129 2640 i·

506 2671 671 2767 mm
1042 2699 1110 2767 m

504 2823 588 2894 κατά
628 2826 673 2894 26
1041 2825 1109 2893 138

608 2966 674 3035 m
1024 2926 1113 3032 ff

281 3114 436 3192 Quorum
461 3137 686 3186 numerorum
711 3119 816 3185 haece
839 3123 893 3185 est
916 3117 1109 3205 proportio:
1133 3115 1153 3183 1
1174 3138 1181 3182 :
1202 3114 1288 3194 235.
1313 3114 1377 3183 Ge·

232 3235 387 3304 netivum
411 3238 564 3324 praefert
579 3240 650 3307 sola
674 3239 883 3328 praepositio
909 3237 1003 3332 ὑπέρ,
1021 3258 1109 3327 quae
1126 3237 1375 3326 propemodum

235 3356 279 3423 ad
305 3359 573 3446 praepositiones
596 3383 704 3430 unum
729 3357 846 3430 casum
871 3367 1032 3452 regentes
1054 3360 1201 3427 transiit.

279 3479 310 3547 3.
346 3481 721 3571 Praepositiones
744 3508 837 3555 curn
860 3485 1009 3555 tribus
1032 3483 1230 3552 casibus:

394 3666 418 3702 a.
439 3649 593 3708 Genetivus.
827 3656 849 3708 b.
869 3652 994 3708 Dativus
1078 3671 1099 3707 c.
1118 3650 1305 3706 Accusativus.

384 3759 468 3851 μετά
549 3764 594 3834 80
906 3766 927 3832 2

382 3887 447 3956 ὑπό
526 3891 592 3959 153
905 3893 927 3959 9

379 4017 457 4113 περί
527 4019 594 4086 135
906 4019 929 4086 5

381 4142 473 4242 παρά
551 4146 595 4215 68
885 4146 928 4213 67

381 4240 931 4432 amfflfflfflm

378 4439 438 4507 ἐπί
514 4436 606 4544 „Q
853 4435 942 4542 ff

528 4578 593 4645 577
862 4575 929 4643 254
