3240 5212
865 365 911 433 92

315 566 413 649 titur,
441 570 556 632 mente
580 565 803 654 supplendum
827 571 887 633 est.
925 565 1013 633 Nub.
1044 565 1164 632 naun
1187 550 1370 660 λαμβάνων
1394 559 1460 631 οὔτ’

315 691 400 758 οἶνον
429 687 495 758 οὔτ’
522 687 593 759 ἄλλ’
621 689 713 759 οὐδέν
743 692 777 760 ἐκ
803 696 860 759 τοῦ
889 691 1033 787 χωρίου,
1059 693 1108 759 ita
1131 694 1260 761 dietum
1285 699 1355 777 est,
1380 693 1460 782 quia

314 814 431 903 fruges
455 820 533 882 eett.
557 836 576 882 e
600 815 708 883 fundo
730 816 946 904 proveniunt.

313 1034 315 1036 Ι
357 937 388 1006 3.
428 939 536 1028 Saepe
568 942 772 1029 praepositio
804 961 883 1008 oum
916 962 996 1009 easu
1029 961 1089 1008 suo
1114 939 1304 1008 attrahitur
1327 938 1461 1008 obiecto

316 1066 523 1145 sententiae,
556 1067 605 1133 ita
635 1071 675 1133 ut
705 1086 786 1154 pars
818 1066 920 1134 huius
951 1065 1024 1144 fiat,
1055 1071 1090 1132 et
1112 1065 1251 1154 quidem
1276 1065 1376 1152 volgo
1400 1085 1462 1152 per

313 1185 513 1253 articulum:
547 1185 630 1254 Aah.
662 1186 749 1255 1103
773 1184 883 1278 ἔνεγκε
921 1185 1015 1282 δεῦρο
1051 1184 1099 1253 τὼ
1134 1184 1247 1280 πτερὼ
1272 1183 1320 1254 τὼ
1348 1181 1375 1251 ’κ
1401 1189 1460 1253 τοῦ
1557 1198 1559 1205 ’

313 1295 468 1404 κράνους,
493 1311 554 1401 Eq.
581 1313 646 1380 712
669 1311 744 1390 τοὺς
772 1315 807 1383 ἐκ
833 1312 945 1385 Πύλου
960 1359 1008 1364 -
1023 1314 1099 1391 τοὺς
1127 1301 1291 1392 Λάκωνας
1312 1313 1459 1410 ἤγαγον,

313 1437 493 1506 Ρ1υ1.857
525 1438 745 1518 ἀπολωλεκὼς
767 1439 896 1513 ἅπαντα
924 1444 984 1514 τάκ
1010 1448 1068 1521 τῆς
1096 1444 1211 1536 οἰκίας,
1235 1444 1323 1513 Eeel.
1354 1443 1421 1512 681
1437 1466 1460 1510 n

313 1563 388 1640 τοὺς
415 1565 450 1634 ἐκ
479 1571 537 1634 τοῦ
566 1565 637 1665 βῆτ’
661 1568 726 1664 (se.
756 1571 924 1668 δικαστάς)
957 1573 1010 1642 ἐπὶ
1036 1573 1098 1669 τὴν
1128 1570 1238 1642 στυιοὶν
1269 1566 1460 1640 ἀκολουθεῖν

312 1693 373 1788 τὴν
403 1693 566 1792 βασιλείου
590 1700 631 1766 ef.
648 1699 714 1768 686
730 1723 753 1796 n
778 1702 856 1790 (pro
880 1704 981 1771 dorne
996 1704 1125 1788 littera,
1143 1724 1211 1793 qua
1226 1701 1459 1789 distinguitur,

314 1824 358 1895 cf.
400 1824 434 1891 ἐν
458 1825 488 1892 I:
525 1825 579 1915 2),
616 1826 699 1894 Aah.
732 1826 794 1913 86,
830 1829 890 1917 Eq.
924 1828 1030 1909 1178,
1068 1829 1171 1914 1261,
1196 1830 1273 1916 Lys.
1298 1827 1360 1912 16,
1398 1825 1458 1904 75,

312 1947 401 2014 Eeol.
427 1946 493 2013 612
509 1969 541 2015 n.
590 1946 721 2026 Quibus
744 1950 919 2035 addimuS‚
953 1972 1160 2041 quamquam
1184 1948 1390 2038 praepositio
1413 1947 1460 2015 ibi

312 2069 559 2156 significatione
582 2070 749 2138 translata
772 2073 929 2159 praedita
953 2079 1021 2141 est:
1050 2072 1139 2162 Lys.
1168 2069 1307 2142 naor
1330 2067 1405 2145 τοὺς
1432 2067 1459 2136 δ’

313 2195 348 2262 ἐκ
374 2193 499 2289 πατρός
526 2219 561 2262 τε
588 2194 641 2263 καὶ
668 2197 866 2292 γεραιτέρων
894 2197 1031 2290 λόγους]
1059 2196 1202 2273 πολλοὺς
1230 2194 1382 2273 ἀκούσας.

357 2318 389 2386 1.
429 2318 518 2386 Satis
541 2319 687 2386 usitatae
710 2327 791 2387 sunt
815 2321 1016 2402 locutiones,
1042 2323 1084 2390 de
1107 2320 1232 2412 quibus
1251 2322 1299 2389 sic
1314 2321 1459 2411 Kriiger.

313 2439 497 2525 §68:17:
523 2440 558 2507 3:
596 2440 690 2508 «Nur
725 2442 910 2511 seheinbar
944 2445 1037 2512 steht
1070 2444 1104 2511 ἐκ
1127 2445 1187 2513 fiir
1210 2443 1256 2535 ἐν,
1281 2444 1316 2510 in
1344 2442 1459 2510 soiern

316 2560 487 2627 «narnlieh
510 2561 586 2627 eine
610 2561 782 2650 Riehtung
812 2563 876 2631 auf
896 2564 961 2632 den
990 2564 1208 2655 Standpunkt
1230 2567 1323 2632 eines
1346 2562 1461 2630 Ande-

314 2701 398 2748 «κου
423 2680 674 2749 vorsehwebt»:
699 2681 759 2771 Eq.
784 2682 850 2751 179
873 2683 925 2752 καί
951 2685 1012 2754 τάκ
1039 2680 1197 2755 Βοιωτῶν
1218 2690 1323 2754 ταῦτα
1345 2707 1459 2751 συντυ-

314 2808 457 2907 ρούμενα
486 2809 551 2906 (se.
585 2808 681 2907 ἐρῶ),
718 2812 806 2883 Nub.
835 2812 965 2883 106511
1000 2813 1203 2913 Ὑπέρβολος
1238 2813 1264 2882 δ’
1301 2812 1358 2879 οὑκ
1390 2816 1457 2878 τῶν

312 2943 443 3040 λὺγνων
468 2949 509 3016 ci.
535 2947 596 3014 Av.
621 2946 666 3014 13
690 2935 746 3012 ουκ
779 2947 846 3010 τῶν
876 2942 1010 3037 ὀρνέων,
1039 2946 1140 3035 Vesp.
1165 2945 1232 3013 266
1250 2967 1284 3011 m
1310 2941 1367 3009 οὑκ
1396 2945 1459 3035 τῆς

314 3074 413 3151 οἰκίας
453 3073 557 3168 τῆσδε
597 3070 832 3166 συνδικαστὴς,
858 3071 946 3139 ΡΙυί.
971 3071 1047 3139 135.

358 3205 431 3272 Huc
454 3203 628 3291 pertinent
650 3203 755 3270 etiarn
780 3200 815 3268 ἐκ
841 3196 946 3274 δεξιᾶς
974 3200 1048 3267 sim.
1079 3199 1133 3288 (ef.
1157 3194 1239 3291 πρός
1263 3217 1290 3262 o.
1314 3217 1392 3284 gen.
1415 3195 1458 3286 Ι.)

313 3457 442 3525 dietum
473 3464 513 3526 ut
537 3457 720 3553 ἐπέπταρεν
746 3457 861 3547 simil.)
892 3451 1090 3547 καταπύγων
1119 3454 1223 3550 ἀνήρ,
1247 3455 1457 3525 Ευυ1.189ιι

289 3584 373 3653 Υτοίκ
408 3583 534 3675 δεξιοῖς,
560 3587 626 3656 182
643 3610 667 3655 n
691 3585 738 3682 μή
766 3581 830 3653 ποί)
854 3608 901 3660 τις
928 3585 963 3652 ἐκ
990 3581 1167 3652 τοῦπισθεν
1196 3583 1242 3650 ὢν
1269 3584 1306 3651 το
1337 3589 1457 3677 σχῆμα

312 3711 546 3809 καταφυλάξῃ,
580 3717 668 3786 Nub.
695 3714 801 3783 5391]
825 3699 971 3780 σκίτινον
1003 3710 1227 3804 καθειμένον]
1255 3709 1394 3808 ἐρυθρὸν
1423 3711 1457 3790 ἐξ

313 3839 433 3937 ἄκρου,
459 3843 513 3910 Fr.
538 3842 605 3910 651
629 3848 692 3910 νεῖν
721 3840 755 3940 ἐξ
784 3841 909 3917 ὑπτίας.
930 3843 957 3933 1)

356 3966 388 4033 5.
430 3965 655 4054 Coniungitur
679 3986 757 4034 curn
781 3964 893 4032 verbis
917 3963 1071 4040 bibendi,
1088 3963 1211 4030 edendi
1227 3963 1312 4045 siin,
1330 3962 1459 4029 scilieet

317 4153 522 4161 ..n—⁴*—

347 4271 371 4345 ΙΙ)
390 4277 433 4329 Fr.
462 4278 514 4330 182
538 4280 579 4335 ἐπὶ
600 4285 644 4336 τοῦ
666 4279 821 4354 περιδρόμου
843 4285 929 4335 στάσα
949 4286 995 4342 τῆς
1012 4280 1157 4344 ξυνοικίας,
1179 4274 1232 4328 vid.
1252 4275 1350 4329 ])ind.:
1369 4275 1456 4339 ‚‚Poll.

313 4376 360 4438 „72
386 4362 442 4428 125'
458 4375 528 4430 huno
547 4376 635 4431 locum
655 4379 763 4446 proptor
782 4375 938 4430 vocabulum
957 4376 1109 4450 περίδρομος
1127 4375 1216 4438 affert,
1236 4374 1283 4429 ubi
1302 4378 1327 4430 ἐκ
1347 4394 1394 4447 pro
1413 4378 1456 4431 ἐπί

312 4470 482 4543 „scripturn”
520 4473 573 4541 Qui
601 4471 674 4528 loeus
702 4472 755 4525 hue
782 4472 894 4536 faceret,
924 4474 947 4526 si
975 4475 1001 4527 ἐκ
1029 4471 1231 4544 praeferendum
1259 4477 1337 4528 osset.
1375 4472 1454 4541 Quod

313 4581 387 4616 soniis
406 4562 519 4617 vidotur.
