3240 5212
734 378 778 447 85

187 579 367 643 «testatem
406 595 483 641 eum
506 573 665 641 *faciendi
701 577 775 638 turn
810 573 1015 639 iudicandi».
1063 572 1213 661 (Ellendt
1250 575 1329 641 Lex,

188 695 309 786 «Soph.
335 717 359 764 s.
396 679 520 790 παροῖ),
556 696 652 764 ouius
686 716 770 763 usus
800 716 909 782 pauca
939 700 1074 764 tantum
1102 698 1256 786 exempla
1279 697 1330 765 in-

189 818 426 886 «veniuntur».
1258 905 1263 915 Ι

225 938 353 1007 Prioris
376 960 474 1022 usus
500 961 542 1007 ex
566 960 633 1029 quo
657 930 750 1032 παρα
773 960 854 1006 cum
878 939 992 1006 dativo
1017 940 1225 1028 possessoris
1249 920 1330 1008 eon-

180 1060 349 1149 iungitm,
386 1060 633 1148 Aristophanes
662 1061 805 1148 praebet
834 1059 995 1147 exempla
1019 1059 1118 1127 haee:
1150 1059 1236 1128 Nub.
1260 1059 1327 1127 448

179 1181 260 1248 εἶναι
288 1167 364 1276 παρ’
393 1179 502 1257 αὐτοῖς
529 1205 628 1274 φασιν
658 1178 763 1275 &ppo
790 1179 838 1249 τὼ
867 1178 973 1273 λόχοι,
1001 1181 1107 1249 boon
1130 1167 1220 1275 παρὰ
1243 1187 1325 1249 τοῖσι

177 1306 267 1385 θεοῖς
294 1314 357 1396 (sc.
396 1309 467 1405 δίκη
501 1309 620 1397 ἐστίν),
645 1311 706 1378 Αν.
731 1310 837 1379 603ιι
869 1314 947 1385 πῶς,
967 1306 993 1377 δ’
1022 1309 1143 1402 ὑγίειαν
1172 1307 1323 1400 δώσομεν

178 1436 305 1531 αὐτοῖς,
335 1435 437 1506 οὖσαν
465 1426 555 1533 παρὰ
583 1444 667 1506 τοῖσι
694 1435 840 1524 θεοῖσιν;
864 1439 958 1507 Plut.
983 1438 1088 1507 5891]
1114 1429 1168 1505 τὸν
1188 1436 1327 1506 πλοῦτον

177 1559 216 1661 ε’ῖρ
241 1564 318 1664 παρ’
348 1569 469 1662 ἑαυτῖρ.

220 1695 250 1763 4.
290 1697 487 1766 Secundum
510 1698 660 1767 alterum
683 1718 783 1766 usum
807 1681 902 1790 aupor'
921 1717 1000 1763 cum
1016 1696 1128 1763 dativo
1145 1696 1325 1765 iudicantis

176 1819 301 1906 pendet
332 1841 373 1886 ex
406 1819 521 1888 verbis
553 1820 696 1908 passivis
724 1819 778 1886 vel
808 1820 874 1885 vim
900 1818 1070 1906 passivam
1096 1816 1322 1885 habentibus:

175 1939 274 2029 Vesp.
300 1940 428 2008 404811
453 1940 525 2010 ὁὸὲ
553 1941 696 2036 ποιητὴς
724 1939 817 2008 οὐδὲν
846 1939 967 2034 χείρων
994 1925 1084 2034 παρὰ
1104 1944 1186 2007 τοῖσι
1208 1945 1323 2032 σοροῖς

174 2065 378 2159 νενόμισται,
406 2072 481 2159 Lys.
513 2069 574 2151 413
605 2070 692 2138 Eoel.
723 2069 828 2138 588ιι
853 2067 899 2144 ὡς
925 2060 960 2136 τὸ
996 2063 1147 2161 ταχύνειν
1176 2066 1320 2162 χαρίτων

175 2195 306 2289 μετέχει
333 2195 484 2265 πλεῖστον
505 2182 595 2291 παρὰ
623 2197 705 2264 τὀῖσι
729 2194 879 2290 θεαταῖς,
904 2198 1006 2285 Vesp.
1037 2196 1121 2264 1468
1138 2219 1174 2265 m
1197 2194 1319 2264 πολλοῦ

173 2321 200 2392 δ’
230 2324 363 2393 ἐπαίνου
404 2322 479 2421 παρ’
508 2324 601 2416 ἐμοὶ]
639 2324 691 2393 καὶ
731 2331 832 2393 τοῖσιν
873 2323 909 2395 εὖ
951 2329 1127 2420 φρονοῦσιν
1137 2333 1150 2415 l
1188 2321 1319 2418 τυχών,

171 2453 257 2521 Ecol.
283 2452 351 2522 485
368 2476 413 2521 m.
460 2453 587 2522 Tribus
610 2454 692 2521 loeis
716 2455 900 2542 postremis
929 2456 1034 2544 igitur
1058 2455 1207 2522 occurrit
1230 2441 1324 2549 nopai

173 2593 252 2640 eum
277 2573 407 2652 datum
433 2573 589 2663 quamvis
613 2576 886 2662 suspensum-sit
909 2596 950 2642 ex
973 2575 1100 2658 verbiS,
1125 2577 1216 2664 apud
1232 2599 1319 2667 quae

172 2681 266 2790 aupor'
287 2716 366 2764 oum
390 2688 548 2784 genetivo
572 2695 723 2782 reperire
747 2701 934 2783 exspectes.
959 2698 999 2763 ei.
1025 2696 1110 2764 Rau.
1133 2719 1166 2785 p.
1185 2697 1229 2765 47
1244 2699 1259 2785 §
1277 2697 1319 2764 45

171 2821 240 2889 «De
274 2822 524 2910 praepositione
554 2805 648 2915 aupoc'
675 2840 753 2887 oum
777 2821 891 2888 dativo
916 2842 935 2888 e
960 2821 1086 2900 verbis,
1116 2822 1317 2911 quibuscum

170 2933 284 3043 ((παροῖ
305 2970 384 3016 cum
408 2949 565 3038 genetivo
590 2947 752 3036 coniungi
778 2946 877 3031 solet,
902 2947 1104 3034 pendente».

212 3069 246 3137 8.
287 3069 388 3138 Cum
423 3070 690 3137 accusativo.

211 3196 234 3262 I.
277 3195 305 3262 1.
345 3195 427 3262 Rau.
454 3216 485 3282 p.
509 3194 569 3261 52:
607 3194 753 3261 «additis
789 3193 900 3261 verbis
936 3194 1096 3261 movendi
1131 3215 1313 3282 personam

170 3312 242 3379 «vel
264 3314 377 3378 lorum
401 3310 529 3377 indicat
549 3330 616 3399 quo
633 3315 747 3376 motus
763 3309 817 3393 fit,
843 3311 877 3375 in
895 3308 992 3377 cuius
1008 3310 1218 3378 vicinitatem
1236 3312 1314 3379 diri-

170 3428 285 3516 «gitur
310 3425 488 3516 (zu-him».

211 3548 324 3615 Etiam
357 3549 419 3615 hoe
450 3569 553 3615 sensu
576 3532 687 3640 παροῖ,
711 3568 819 3635 aeque
849 3552 952 3635 atque
978 3545 1038 3636 ὡς,
1063 3549 1153 3636 apud
1181 3550 1313 3619 Aristo·

163 3655 313 3763 phanem
336 3679 471 3740 tantum
498 3696 575 3742 eum
599 3695 748 3762 persona
769 3674 991 3762 coniungitur
1014 3676 1068 3764 (ef.
1092 3674 1172 3771 πρός
1197 3701 1223 3746 ο.
1242 3699 1310 3746 aec.

162 3800 191 3866 I:
215 3800 277 3885 4ο,
303 3797 356 3866 ἐπί
378 3821 404 3868 o.
431 3822 498 3868 aee.
524 3801 584 3887 8ο,
610 3800 643 3876 ἐς
667 3802 697 3868 Ι;
721 3802 793 3877 init.
812 3807 847 3866 et
862 3801 1030 3888 imprimis
1054 3802 1100 3880 ὡς
1123 3808 1230 3898 init.):

208 3926 295 3995 Nub.
331 3926 398 3997 853
436 3928 515 3995 εἴσω
560 3926 739 4024 παρελθὼν
781 3924 853 4021 ἄρτι
892 3914 982 4021 παρὰ
1024 3928 1099 4007 τοὺς
1143 3943 1309 4032 γηγενεῖς,

164 4053 242 4120 Pae.
268 4053 336 4122 884
371 4053 459 4147 ἄγειν
488 4056 565 4152 παρ’
592 4049 689 4125 αὑτὸν
719 4050 910 4149 artimino.
959 4059 1082 4127 Porro:
1119 4060 1208 4157 ἥκειν
1245 4070 1310 4138 Av,

161 4180 244 4260 988,
271 4172 359 4250 4038
391 4185 452 4272 (sio
478 4188 581 4252 etiam
613 4188 763 4274 pendent
785 4209 826 4253 er
850 4183 940 4280 ἥκειν
966 4190 1058 4268 sim,
1083 4189 1163 4284 πρός
1187 4217 1214 4261 ο.
1239 4218 1307 4264 aco.

160 4307 203 4374 os.
235 4308 263 4375 I:
297 4308 357 4394 4ο,
395 4311 448 4378 ἐπί
470 4335 498 4380 ο.
523 4335 589 4380 aee.
615 4314 671 4396 84),
709 4313 742 4387 ἐς
767 4313 799 4380 Ι;
824 4315 902 4404 id),
929 4314 1081 4410 οἴχεσθαι
1115 4322 1177 4389 Αν.
1206 4322 1308 4409 48437,

163 4433 300 4526 πέμπειν
325 4440 387 4507 Αν.
411 4440 495 4526 844,
532 4442 599 4508 845
635 4441 760 4530 (tribus
790 4442 871 4510 loeis
902 4447 1084 4532 postremis
1115 4449 1156 4514 de
1187 4450 1307 4539 legatis

161 4563 201 4630 ot.
226 4563 266 4630 Α.
286 4564 323 4649 4,
347 4565 381 4652 5)
407 4608 451 4613 -
467 4567 554 4635 Euel.
573 4566 676 4634 onan
700 4565 795 4662 δεῦρο
824 4566 899 4664 παρ’
927 4571 1017 4664 ἡμᾶς
1043 4573 1183 4642 verbum
1200 4578 1305 4646 eundi
