3240 5212
785 378 829 446 38

704 709 736 779 6.
791 701 906 776 ΑΝΤΙ.

283 893 358 960 Νοα
373 894 438 960 nisi
453 894 621 960 translato
637 914 739 961 sensu
755 893 945 960 invenitur:
959 911 1127 979 nusquam
1145 890 1235 957 enim
1249 888 1381 956 Graeca

237 1016 442 1103 praepositio
467 1013 538 1082 ἀντί
560 1016 681 1083 eodem
704 1035 804 1081 sensu
828 1013 975 1101 ponitur,
1001 1033 1068 1101 quo
1094 1012 1215 1078 Latina
1241 1016 1380 1095 «ante»,

236 1143 289 1209 cui
304 1143 520 1231 'respondere
544 1147 657 1230 potest
680 1141 815 1228 epicum
839 1134 922 1205 ἄντα
950 1136 1007 1209 vel
1022 1137 1124 1206 ἀντία.

279 1267 310 1335 4.
350 1267 451 1356 Apud
483 1267 747 1356 Aristophanem
780 1264 852 1333 ἀντί
874 1288 942 1335 uno
971 1267 1043 1333 loco
1068 1271 1254 1353 usurpatur
1278 1286 1380 1332 sensu

236 1390 468 1478 metaphorico
492 1391 533 1456 de
557 1389 672 1468 rebus
705 1389 877 1477 quaesibi
902 1394 1123 1477 opponuntur
1148 1394 1203 1470 (z
1229 1385 1380 1474 contrad:

236 1511 296 1599 Eq.
332 1510 399 1578 470
433 1508 468 1577 εὖ
506 1507 554 1603 γ’,
597 1508 633 1578 εὖ
666 1534 721 1603 γε,
755 1497 888 1605 χαλκεο’
930 1508 1000 1578 ἀντὶ
1039 1513 1105 1576 τῶν
1145 1506 1378 1598 κολλωμένων.

236 1632 319 1700 Cum
352 1633 415 1700 hac
448 1635 588 1701 notione
623 1639 696 1701 arte
731 1635 918 1701 cohaerent
955 1633 1110 1701 notiones
1136 1631 1198 1698 sub
1222 1631 1259 1718 2)
1283 1635 1318 1697 et
1345 1628 1382 1719 3)

238 1759 569 1826 commemorandae.

280 1883 312 1949 2.
359 1883 458 1951 Notio
489 1883 709 1971 permutandi
738 1882 862 1971 aliquid
887 1902 965 1949 cum
998 1882 1111 1971 aliqua
1148 1902 1186 1948 re
1210 1879 1267 1968 (=
1288 1881 1381 1967 pro):

238 1996 553 2096 116511500οέγο
581 2001 644 2098 γὰρ
673 2000 739 2071 οὐδ’
767 2001 806 2070 ἂν
836 1999 977 2098 ὀρνίθων
1004 1999 1112 2096 γάλα]
1139 1999 1209 2070 ἀντὶ
1235 2004 1293 2067 τοῦ
1310 1997 1380 2096 βίου

237 2117 369 2228 λάβοιμ’
401 2129 440 2199 ἂν
475 2130 512 2199 οὗ
548 2156 589 2222 με
623 2137 679 2199 νῦν
718 2131 928 2227 ἀποστερεῖς,
963 2131 1061 2221 Vesp.
1092 2130 1180 2199 4404
1203 2124 1381 2225 πρίασθαι,

241 2261 319 2349 Lys.
344 2260 432 2328 4467
457 2260 616 2329 ἀπαιτεῖν.

283 2382 314 2448 3.
361 2383 463 2451 Notio
488 2386 656 2473 pensandi
678 2385 804 2473 aliquid
828 2384 942 2472 aliqua
966 2403 1004 2448 re
1030 2385 1083 2466 (z
1102 2380 1196 2470 pr0):

283 2525 313 2570 o.
362 2504 528 2573 beneficia
564 2506 751 2574 beneficiis:
775 2505 862 2572 Nub.
886 2503 953 2572 668
977 2497 1056 2570 ὥστ’
1085 2500 1156 2570 ἀντὶ
1181 2498 1297 2569 τούτου
1325 2505 1383 2568 τοῦ

242 2617 438 2722 διδάγματος
478 2622 599 2722 μόνοο1
626 2629 837 2726 διαλφιτώσω
872 2655 931 2698 σου
967 2627 1073 2724 κύκλῳ
1100 2630 1162 2724 τὴν
1195 2616 1382 2726 κοῖρδοπον,

238 2753 298 2843 Eq.
323 2753 429 2839 4404,
453 2755 540 2822 Nub.
563 2753 631 2823 338
654 2757 704 2835 nl,
729 2756 804 2823 Pac.
828 2754 895 2823 580
911 2777 951 2834 n,
978 2755 1066 2822 Eccl.
1091 2753 1153 2834 47,
1178 2753 1276 2821 4047.

284 2876 311 2942 b.
360 2876 522 2944 maleficia
547 2877 737 2944 maleficiis:
755 2877 845 2944 Plut.
863 2876 930 2944 434
946 2900 969 2970 η
990 2873 1067 2969 σφὼ
1085 2873 1218 2970 ποιήσω
1237 2873 1383 2970 τήμερον

241 3000 351 3069 δοῦναι
378 3001 468 3096 δίκην
476 3001 489 3082 l
505 2998 578 3071 ἀνθ’
600 3002 646 3068 ὧν
678 3001 739 3093 ἐμὲ
766 3003 914 3097 ζητεῖτον
943 3000 1067 3093 ἐνθένδ’
1096 3002 1269 3097 ἀφανίσαι,
1289 3003 1382 3074 th.

240 3125 704 3210 28611,Th.722m1)uf.
731 3126 762 3193 5.

283 3240 313 3307 4.
360 3241 410 3308 Ex
434 3240 468 3325 2)
488 3242 597 3309 oritur
620 3263 700 3309 usus
725 3243 999 3331 praepositionis,
1025 3264 1092 3331 quo
1112 3243 1322 3331 significatur
1346 3243 1381 3309 in

240 3368 351 3434 locum
379 3366 517 3433 alicuius
541 3368 589 3433 rei
613 3367 715 3434 aliam
740 3368 921 3434 succedere
946 3367 1000 3456 (=
1017 3388 1097 3456 pru,
1122 3368 1211 3450 loce,
1237 3366 1309 3455 ex):

285 3513 316 3558 α.
363 3492 405 3558 de
443 3491 546 3559 rebus
585 3493 768 3569 similibus,
809 3493 861 3559 vel
897 3493 956 3571 iis,
996 3514 1084 3582 quae
1121 3513 1184 3580 pro
1220 3492 1386 3559 similibus

244 3617 424 3684 habentur.

287 3743 315 3808 b.
362 3742 404 3808 de
428 3742 528 3809 rebus
552 3741 779 3810 dissimilibus,

285 3885 311 3930 c.
358 3864 400 3930 de
424 3869 533 3943 statu,
557 3865 616 3952 qui
640 3866 676 3931 in
700 3865 806 3931 alium
830 3869 959 3931 statum
982 3863 1108 3930 transit
1133 3863 1188 3952 (cf.
1213 3863 1247 3930 ἐκ
1271 3863 1316 3929 Il:
1341 3860 1383 3946 3).

286 4013 317 4058 α.
365 3989 437 4058 ἀντί
470 3997 674 4082 usurpatum
709 3991 773 4058 hoo
808 4011 925 4069 sensu,
961 3990 1031 4056 vim
1066 3991 1198 4058 asciscit
1221 3991 1379 4058 adiectivi

240 4118 312 4194 ἴσος
346 4141 424 4187 cum
459 4119 588 4197 dative,
613 4119 682 4185 sive
706 4119 964 4206 praepositionis
988 4113 1078 4210 δίκην
1103 4138 1181 4185 cum
1204 4119 1381 4206 genetiva,

281 4473 303 4541 ¹)
322 4471 460 4543 Reisigius
487 4470 521 4525 ad
548 4471 722 4543 supplendam
751 4471 872 4525 lacunam
894 4471 1007 4525 coniecit
1026 4466 1087 4527 ἀνθ’
1108 4469 1141 4526 ὧν
1161 4471 1232 4526 Nub.
1253 4473 1322 4525 1310
1342 4491 1384 4525 m:

242 4565 303 4626 ἀνθ’
325 4568 358 4624 ὧν
380 4579 534 4646 πανουργεῖν
556 4566 654 4644 ἤρξατ’.
