3240 5212
791 371 834 438 na

242 694 315 793 §lt
356 693 408 774 De
433 693 789 796 praepositionibus
815 695 929 777 tertii
955 692 1099 796 gradus
1117 641 1379 798 frequentiae.

703 972 734 1040 1.
788 962 922 1038 ΜΕΤΑ.

286 1207 326 1272 ll.
374 1206 475 1274 Cum
507 1208 723 1294 genetiva.

292 1312 373 1417 Eli,
404 1335 442 1397 ut
473 1350 576 1417 supra
607 1329 768 1413 vidimus
799 1330 975 1395 notionem
1000 1327 1196 1405 comitatus,
1221 1328 1381 1395 coniunc-

240 1453 340 1519 tionis
363 1451 522 1539 praebet‚
547 1450 691 1517 subinde
715 1456 852 1517 auctam
875 1449 1014 1517 notione
1037 1449 1162 1515 auxilii.
1209 1449 1381 1537 Frequen-

238 1573 305 1640 tior
329 1578 381 1639 est
403 1593 486 1639 usus
509 1573 769 1660 praepositionis
794 1556 882 1661 μετοί
903 1592 1028 1659 egen,
1052 1571 1161 1638 maior
1184 1571 1273 1638 illius
1297 1591 1378 1639 usus

238 1693 393 1761 varietas.

174 1850 176 1855 >
282 1817 307 1884 l.
356 1817 454 1905 Regit
479 1817 550 1883 fere
578 1838 713 1905 semper
736 1819 936 1906 genetivum
958 1817 1171 1904 personalem
1195 1838 1235 1884 eo
1259 1838 1380 1902 sensu,

238 1965 341 2034 quem
366 1943 521 2030 exemplo
544 1942 727 2010 illustrabo.
754 1943 790 2029 a)
816 1918 902 2009 Nub.
927 1941 1010 2010 1151
1027 1964 1067 2021 n,
1090 1942 1149 2010 ubi
1165 1941 1378 2030 Strepsiades

239 2066 318 2133 dicit
342 2066 407 2132 lilio
431 2063 473 2158 ἢν
493 2062 584 2130 ταυτὶ
597 2068 711 2158 ποιῇς,
729 2062 821 2131 οὐδέν
837 2087 874 2131 σε
888 2049 1027 2131 κωλύσει
1042 2061 1142 2143 oecos
1155 2063 1210 2130 rba
1225 2056 1378 2160 ἐμβαλεῖν

238 2185 268 2267 ἐς
294 2191 332 2260 τὸ
362 2178 552 2289 βαραθρον1
575 2189 659 2283 μετὰ
683 2178 892 2288 Σωκράτους,
914 2194 941 2259 si
957 2194 1022 2259 hoc
1038 2192 1107 2259 volt
1126 2193 1227 2259 <mihil
1244 2199 1378 2260 utrum-

238 2336 304 2404 que
328 2320 479 2383 vestrum
497 2317 656 2403 impedit,
673 2316 853 2404 quominus
871 2320 1004 2382 vosmet
1019 2315 1111 2402 ipsos
1126 2316 1159 2380 in
1178 2314 1379 2382 barathrum

240 2440 509 2528 praecipitetis»,
534 2425 630 2507 adest
652 2440 708 2507 illa
731 2440 823 2507 notio
848 2440 969 2506 eodem
988 2439 1060 2505 loco
1082 2439 1198 2505 eodem
1224 2443 1380 2526 tempore

239 2570 361 2632 mutuo
388 2565 478 2631 idem
502 2565 666 2649 faciendi,
698 2586 801 2654 quam
824 2564 986 2631 Germani
1017 2563 1376 2652 «Wechselwirkungu

238 2709 356 2757 vocare
390 2690 500 2757 solent
535 2695 571 2756 et
604 2696 750 2778 utraque
786 2709 935 2777 persona
971 2709 1034 2776 pro
1071 2687 1224 2756 subiecto
1248 2695 1309 2755 est.
1337 2729 1378 2736 —

236 2816 265 2896 b)
300 2815 359 2881 Sin
391 2814 575 2882 verborum
598 2835 719 2881 sensus
743 2819 811 2898 est,
836 2821 874 2880 ut
898 2813 1136 2901 Phidippidem
1160 2818 1316 2901 oporteat
1345 2819 1380 2879 et

237 2959 272 3004 se
295 2940 407 3026 ipsum
432 2944 467 3006 et
491 2939 665 3007 Socratem
691 2941 726 3005 in
750 2939 949 3005 barathrum
967 2939 1108 3022 inicere,
1125 2938 1223 3005 abest
1239 2940 1378 3028 quidem
1429 3017 1432 3022 .

237 3062 328 3129 notio
359 3063 449 3129 idem
473 3063 635 3141 faciendi,
661 3067 819 3130 romanet
842 3068 957 3129 tamen
980 3063 1073 3129 notio
1096 3063 1186 3129 idem
1210 3063 1378 3151 patiendi,

238 3187 408 3253 estenim
439 3192 584 3276 uterque
609 3188 796 3271 obiectum,
832 3186 1053 3274 Phidippidos
1081 3208 1159 3255 vero
1184 3188 1277 3255 solus
1301 3188 1379 3255 sub-

238 3313 379 3392 iectum,
404 3309 447 3376 cf.
472 3310 557 3376 Rau.
587 3308 709 3376 l5l3n
734 3304 843 3384 στίξας
857 3304 997 3390 αὐτοὺς1
1010 3305 1063 3374 καὶ
1078 3305 1295 3398 Ευμποὸίσας]
1310 3306 1379 3399 μετ’

237 3421 450 3525 Ἀδειμάντου
474 3439 531 3502 τοῦ
551 3427 786 3529 Λεοκολόφοο1
799 3433 882 3503 κατὰ
897 3438 955 3527 γῆς
969 3436 1100 3530 ταχέως
1114 3425 1313 3532 α’ποπέμψω.
1329 3479 1377 3486 -—

236 3562 267 3646 c)
299 3557 448 3626 Subinde
479 3579 589 3648 neque
625 3561 718 3647 prior
740 3579 853 3647 neque
877 3561 1048 3646 posterior
1072 3562 1122 3627 vis
1146 3562 1180 3626 in
1205 3562 1378 3649 praeposi·

236 3683 328 3750 tione
359 3683 464 3766 inest,
497 3670 544 3749 ita
577 3688 615 3750 ut
645 3683 728 3749 nihil
759 3682 970 3770 significetur
993 3705 1098 3772 quam
1122 3685 1302 3752 comitatus
1327 3686 1378 3752 vel

237 3806 379 3870 societas
415 3805 454 3868 cl.
492 3804 591 3891 Vesp.
627 3803 717 3870 1001
747 3798 836 3895 ἄγων
866 3803 935 3893 μετ’
963 3796 1105 3894 ἐμαυτοῦ
1132 3811 1314 3900 πανταχοῖ,
1343 3811 1378 3874 ο1

236 3931 326 3997 iufra
351 3929 460 4025 φέρειν
485 3917 572 4020 μετα
593 3953 692 4018 τινος,
721 3927 859 3999 ἕπεσθαι
879 3919 966 4022 perol
981 3956 1075 4009 τινος.
1109 3935 1378 4025 Significationcs

236 4052 269 4138 t)
305 4060 339 4119 et
372 4053 402 4143 ο)
438 4055 526 4141 apud
565 4059 718 4121 nostrum
761 4055 953 4122 rarissimae
990 4063 1089 4141 sunt,
1132 4057 1256 4145 quippe
1290 4077 1378 4145 quae

235 4183 370 4245 tantum
393 4179 474 4245 locis
500 4179 600 4245 modo
625 4179 769 4247 laudatis
785 4185 977 4248 occurrant.
1002 4181 1156 4270 Volgaris
1172 4201 1254 4248 usus
1270 4184 1376 4265 estc),

235 4302 404 4385 indicam,
429 4304 512 4369 duas
536 4323 697 4390 personas
721 4305 841 4371 eodem
858 4306 929 4373 loco
946 4307 1067 4372 eodem
1084 4312 1239 4393 tempore
1256 4311 1376 4373 mutuo

235 4427 321 4493 idem
358 4428 472 4494 facere
508 4428 596 4515 (vide
629 4428 668 4513 1,
705 4429 743 4506 2,
781 4429 816 4517 ln)
846 4431 899 4497 vel
930 4431 965 4496 in
989 4431 1111 4497 ecdem
1135 4436 1225 4498 statu
1249 4432 1377 4497 versari

237 4550 327 4640 (vide
349 4551 391 4637 3).
