3240 5212
855 353 898 420 79

347 550 385 615 Π.
434 548 518 617 Cum
553 550 597 615 111
632 551 789 636 componi
826 553 939 635 potest
975 567 1056 613 usos
1085 544 1291 629 translatus,
1316 565 1358 611 ex
1381 565 1449 633 quo

302 674 425 742 dicitur
449 675 490 741 ci.
515 675 627 740 Kiihn.
652 674 682 740 ΙΙ
705 695 737 761 p.
761 672 829 740 454
857 693 942 740 <ivon
958 672 1053 738 einer
1069 669 1285 758 ungefahren
1302 669 1449 736 Bestim-

304 817 433 884 «mung
464 796 523 863 des
546 796 675 863 Masses
699 797 734 862 in
758 796 825 862 den
848 793 1028 861 Attischen
1053 789 1115 858 ὑπό
1142 812 1189 882 τι,
1214 792 1449 879 aliquatenus,

306 922 631 1010 «einigermassenm
656 923 757 1010 Vesp.
781 921 871 988 1996
888 942 922 986 m
948 918 1011 987 ὑπό
1038 943 1068 988 τι
1104 918 1217 1014 μικρὸν
1259 912 1450 1011 ἐπιθήκισα.

348 1043 402 1109 ΙΙΙ.
439 1043 604 1132 Designat
620 1050 773 1130 tempus
791 1041 855 1110 sub
871 1045 961 1131 quod
978 1044 1062 1134 quid
1078 1044 1206 1111 factum
1225 1047 1294 1125 est,
1312 1047 1452 1129 tempus

305 1163 457 1250 proxime
481 1165 708 1252 praecedens,
733 1166 774 1232 cf.
799 1155 880 1258 πρός
896 1186 923 1232 ο.
941 1186 1010 1233 acc.
1027 1166 1088 1249 ΠΙ;
1105 1163 1180 1259 περί
1196 1186 1224 1231 o.
1241 1184 1309 1231 acc.
1327 1162 1383 1251 (cf.
1396 1162 1452 1246 III)

305 1284 408 1351 etiam
444 1286 700 1374 comprehendit
735 1289 871 1374 tempus
907 1288 1063 1375 proxime
1087 1306 1250 1376 sequens:
1275 1284 1358 1351 Ach.
1384 1281 1451 1349 139

306 1395 361 1472 ὑπ’
389 1404 488 1474 αὐτὸν
515 1406 571 1475 τὸν
599 1404 759 1502 χρόνον,1
785 1404 858 1500 ὅτε7
890 1409 985 1480 1076
1014 1399 1081 1476 ὑπὸ
1107 1405 1183 1484 τοὺς
1207 1398 1298 1481 Χόας
1316 1390 1380 1500 γὰρ
1399 1401 1452 1470 καὶ

307 1519 465 1631 Χύτρους.
513 1537 632 1604 Feriae
666 1537 821 1604 nondum
857 1542 997 1626 coeptae
1033 1542 1129 1605 sunt:
1154 1538 1207 1605 sin
1232 1537 1361 1614 minus
1388 1524 1450 1601 ὑπὸ

305 1664 393 1726 esset
412 1690 454 1717 =
469 1679 540 1747 per.

773 1936 805 2005 6.
860 1929 976 2003 ΠΕΡΙ.

355 2171 396 2238 Α.
445 2170 547 2240 Cum
578 2175 799 2263 genetivo.

355 2296 562 2386 Significatio
596 2299 709 2365 localis
743 2318 884 2386 perrara
921 2303 987 2376 est,
1020 2299 1124 2364 etiam
1148 2298 1240 2386 apud
1265 2298 1452 2366 Homerum

310 2418 459 2507 aliosque
482 2423 615 2506 poetas:
640 2440 719 2485 nam
743 2419 778 2486 in
804 2403 975 2512 μάχεσθαι
1000 2416 1076 2513 περὶ
1103 2422 1217 2512 νεκροῦ
1238 2423 1273 2486 et
1289 2419 1455 2487 similibus

311 2546 360 2611 vis
390 2545 556 2612 translata
588 2566 665 2612 cum
687 2545 782 2613 locali
806 2547 875 2614 iam
899 2547 1006 2614 mixta
1029 2553 1095 2626 est,
1122 2546 1158 2613 in
1183 2531 1353 2639 μοίχεσθαι
1379 2543 1454 2640 περὶ

310 2668 441 2767 πάτρης
476 2673 533 2739 illa
565 2673 633 2740 sola
656 2674 822 2759 cernitur,
847 2675 888 2741 ci.
913 2674 1065 2741 Kiihner.
1090 2674 1120 2740 11
1142 2696 1175 2762 p.
1200 2673 1283 2752 196,
1308 2674 1454 2762 Kriiger.

311 2800 329 2881 §
352 2794 413 2862 68:
437 2793 500 2861 34:
524 2793 555 2860 1.
589 2794 856 2862 Praeferendum
873 2802 925 2862 est
941 2796 1048 2884 igitur
1063 2796 1155 2883 apud
1171 2794 1454 2883 Aristophanem,

312 2920 348 2985 in
371 2919 452 2985 locis
476 2937 613 3005 quoque
637 2917 755 3005 quales
779 2923 860 2985 sunt
876 2918 958 2984 Ach.
975 2916 1020 2983 95
1037 2914 1233 2985 ὠστιοῦνται
1250 2920 1323 2992 πῶς
1338 2915 1439 2991 δοκεῖς
1444 2917 1457 2999 l

314 3041 467 3120 ἐλθόντες
493 3032 666 3138 αλλήλοισι
692 3041 767 3138 περὶ
792 3040 927 3138 πρώτου
956 3040 1070 3125 ξύλου,
1095 3046 1157 3136 Eq.
1176 3046 1258 3126 767,
1274 3047 1372 3134 Vesp.
1390 3045 1453 3112 191

312 3167 407 3256 (bis),
447 3167 628 3234 admittere
663 3166 769 3233 solam
804 3167 1088 3256 significationem
1124 3169 1334 3235 translatam.
1389 3167 1457 3235 Ubi

312 3291 397 3358 haec
420 3289 585 3372 occurrit,
609 3285 684 3381 περί
707 3288 923 3377 coniungitur
948 3310 1026 3356 cum
1045 3291 1203 3378 genetivo
1220 3310 1388 3377 personae
1405 3291 1459 3356 vel

312 3411 380 3496 rei,
413 3412 503 3477 circa
534 3431 638 3499 quam
669 3411 810 3478 alicuius
833 3410 937 3495 acti0,
962 3431 1094 3489 sermo,
1119 3412 1297 3498 cogitatio,
1323 3410 1458 3478 affectio

312 3542 476 3603 versatur.
524 3534 728 3622 Incipiamus
751 3534 794 3601 ab
815 3534 884 3602 illis
899 3535 1026 3620 verbis,
1044 3536 1169 3625 quibus
1184 3536 1344 3603 adiuncta
1362 3556 1458 3622 prae-

314 3661 453 3751 positi0,
478 3661 590 3748 quoad
613 3681 683 3727 non
706 3659 805 3727 dictis
828 3660 886 3726 sed
909 3660 1010 3727 factis
1033 3665 1200 3739 certatur,
1217 3660 1346 3728 notioni
1362 3660 1459 3727 locati

315 3787 468 3876 proxime
492 3784 631 3852 accedit.

358 3907 390 3975 1.
431 3906 544 3974 Verba
578 3905 772 3994 pugnandi:
811 3892 989 3997 υἷντιλογεῖν
1026 3905 1124 3992 Vosp.
1159 3905 1226 3973 516
1241 3928 1281 3991 ιι;
1307 3903 1455 3997 διαγωνί-

315 4031 432 4115 ζεσθαι
465 4035 549 4102 Ran.
585 4033 668 4116 793;
704 4029 941 4124 διαξιφίζεσθαι
980 4032 1041 4121 Eq.
1081 4030 1143 4099 781
1163 4052 1202 4115 n3
1242 4029 1459 4128 διαφέρεσθαι

317 4167 393 4253 Lys.
428 4162 534 4245 1179;
569 4157 789 4255 λοιδορεῖσθαι
823 4162 910 4230 Nub.
935 4161 998 4245 69;
1035 4149 1206 4252 μάχεσθαι
1240 4160 1300 4249 Eq.
1333 4162 1397 4228 767
1415 4183 1456 4247 n,

314 4284 404 4354 1038
419 4306 456 4369 e,
480 4285 579 4373 Vesp.
604 4283 667 4351 191
695 4283 789 4372 (bis),
813 4282 881 4350 593
896 4304 936 4368 n,
962 4281 1027 4348 667
1044 4303 1083 4366 n,
1100 4280 1188 4347 Eccl.
1205 4280 1269 4349 691
1288 4303 1322 4356 n,
1340 4281 1407 4350 699
1424 4305 1457 4367 n,

316 4410 403 4477 Plut.
436 4405 542 4493 10763
567 4402 799 4483 ξυσπουδάζειν
824 4406 901 4473 Pac.
932 4404 998 4472 768
1013 4425 1053 4488 n;
1077 4400 1233 4492 πολεμεῖν
1258 4405 1321 4472 Αν.
1352 4403 1460 4489 1639;

318 4530 519 4614 ὠστίζεσθαι
541 4535 625 4603 Ach.
649 4534 703 4602 95.
