<?xml version="1.0" encoding="UTF-8"?>
<!DOCTYPE html PUBLIC "-//W3C//DTD XHTML 1.0 Transitional//EN"
    "http://www.w3.org/TR/xhtml1/DTD/xhtml1-transitional.dtd">
<html xmlns="http://www.w3.org/1999/xhtml" xml:lang="en" lang="en">
 <head>
  <title>
</title>
<meta http-equiv="Content-Type" content="text/html;charset=utf-8" />
  <meta name='ocr-system' content='tesseract 3.04.00' />
  <meta name='ocr-capabilities' content='ocr_page ocr_carea ocr_par ocr_line ocrx_word'/>
</head>
<body>
  <div class='ocr_page' id='page_1' title='image "./depraepositionu00montgoog_0023.png"; bbox 0 0 3240 5212; ppageno 0'>
   <div class='ocr_carea' id='block_1_1' title="bbox 338 550 1277 1530">
    <p class='ocr_par' dir='ltr' id='par_1_1' title="bbox 338 550 1266 1424">
     <span class='ocr_line' id='line_1_1' title="bbox 339 550 1263 644; baseline 0.012 -29"><span class='ocrx_word' id='word_1_1' title='bbox 339 550 415 644; x_wconf 82' lang='grc' dir='ltr'>περί</span> <span class='ocrx_word' id='word_1_2' title='bbox 527 555 571 622; x_wconf 88' lang='grc'>23</span> <span class='ocrx_word' id='word_1_3' title='bbox 750 561 794 628; x_wconf 92' lang='grc'>15</span> <span class='ocrx_word' id='word_1_4' title='bbox 1219 567 1263 634; x_wconf 73' lang='grc'>44</span> 
     </span>
     <span class='ocr_line' id='line_1_2' title="bbox 340 676 1265 774; baseline 0.015 -29"><span class='ocrx_word' id='word_1_5' title='bbox 340 676 433 774; x_wconf 83' lang='grc' dir='ltr'>παρά</span> <span class='ocrx_word' id='word_1_6' title='bbox 529 683 573 750; x_wconf 97' lang='grc'>32</span> <span class='ocrx_word' id='word_1_7' title='bbox 752 687 796 754; x_wconf 92' lang='grc'><strong>12</strong></span> <span class='ocrx_word' id='word_1_8' title='bbox 1220 693 1265 759; x_wconf 88' lang='grc'>53</span> 
     </span>
     <span class='ocr_line' id='line_1_3' title="bbox 339 803 1266 886; baseline 0.014 -14"><span class='ocrx_word' id='word_1_9' title='bbox 339 803 393 873; x_wconf 76' lang='grc' dir='ltr'>διά</span> <span class='ocrx_word' id='word_1_10' title='bbox 527 809 573 877; x_wconf 88' lang='grc'>53</span> <span class='ocrx_word' id='word_1_11' title='bbox 751 814 793 881; x_wconf 77' lang='lat' dir='ltr'>lii</span> <span class='ocrx_word' id='word_1_12' title='bbox 1199 818 1266 886; x_wconf 84' lang='grc'>195</span> 
     </span>
     <span class='ocr_line' id='line_1_4' title="bbox 338 934 1266 1012; baseline 0.012 -11"><span class='ocrx_word' id='word_1_13' title='bbox 338 934 393 1001; x_wconf 79' lang='grc' dir='ltr'>ἐπί</span> <span class='ocrx_word' id='word_1_14' title='bbox 528 937 572 1004; x_wconf 85' lang='grc'>83</span> <span class='ocrx_word' id='word_1_15' title='bbox 751 941 796 1008; x_wconf 87' lang='lat'>30</span> <span class='ocrx_word' id='word_1_16' title='bbox 997 954 1017 1010; x_wconf 68' lang='lat'>⁸.</span> <span class='ocrx_word' id='word_1_17' title='bbox 1198 944 1266 1012; x_wconf 88' lang='grc'>135</span> 
     </span>
     <span class='ocr_line' id='line_1_5' title="bbox 341 1060 1266 1139; baseline 0.01 -10"><span class='ocrx_word' id='word_1_18' title='bbox 341 1060 428 1130; x_wconf 85' lang='grc' dir='ltr'>κατά</span> <span class='ocrx_word' id='word_1_19' title='bbox 533 1065 576 1132; x_wconf 93' lang='grc'>79</span> <span class='ocrx_word' id='word_1_20' title='bbox 753 1067 794 1134; x_wconf 84' lang='grc'><strong>31</strong></span> <span class='ocrx_word' id='word_1_21' title='bbox 1200 1070 1266 1139; x_wconf 82' lang='grc'><strong>138</strong></span> 
     </span>
     <span class='ocr_line' id='line_1_6' title="bbox 339 1191 1266 1288; baseline 0.006 -29"><span class='ocrx_word' id='word_1_22' title='bbox 339 1191 421 1288; x_wconf 82' lang='grc' dir='ltr'>πρός</span> <span class='ocrx_word' id='word_1_23' title='bbox 507 1192 574 1260; x_wconf 87' lang='grc'><strong>139</strong></span> <span class='ocrx_word' id='word_1_24' title='bbox 751 1194 797 1262; x_wconf 89' lang='grc'>55</span> <span class='ocrx_word' id='word_1_25' title='bbox 979 1227 984 1231; x_wconf 93' lang='grc'><strong><em>·</em></strong></span> <span class='ocrx_word' id='word_1_26' title='bbox 1199 1198 1266 1265; x_wconf 89' lang='grc'>232</span> 
     </span>
     <span class='ocr_line' id='line_1_7' title="bbox 342 1320 1266 1424; baseline 0.002 -36"><span class='ocrx_word' id='word_1_27' title='bbox 342 1321 376 1396; x_wconf 81' lang='grc' dir='ltr'>ἐς</span> <span class='ocrx_word' id='word_1_28' title='bbox 483 1320 574 1424; x_wconf 29' lang='grc'><strong>’299</strong></span> <span class='ocrx_word' id='word_1_29' title='bbox 732 1321 798 1388; x_wconf 85' lang='grc'><strong>123</strong></span> <span class='ocrx_word' id='word_1_30' title='bbox 1200 1324 1266 1390; x_wconf 77' lang='grc'>165</span> 
     </span>
    </p>

    <p class='ocr_par' dir='ltr' id='par_1_2' title="bbox 509 1460 1277 1530">
     <span class='ocr_line' id='line_1_8' title="bbox 509 1460 1277 1530; baseline 0.007 -5"><span class='ocrx_word' id='word_1_31' title='bbox 509 1460 575 1526; x_wconf 86' lang='grc'>767</span> <span class='ocrx_word' id='word_1_32' title='bbox 732 1461 798 1528; x_wconf 82' lang='grc'><strong>318</strong></span> <span class='ocrx_word' id='word_1_33' title='bbox 955 1462 1023 1529; x_wconf 87' lang='grc'>179</span> <span class='ocrx_word' id='word_1_34' title='bbox 1179 1463 1277 1530; x_wconf 80' lang='grc'><strong>1261.</strong></span> 
     </span>
    </p>
   </div>
   <div class='ocr_carea' id='block_1_2' title="bbox 236 1681 1489 3027">
    <p class='ocr_par' dir='ltr' id='par_1_3' title="bbox 236 1681 1381 2152">
     <span class='ocr_line' id='line_1_9' title="bbox 282 1681 1381 1770; baseline 0.005 -24"><span class='ocrx_word' id='word_1_35' title='bbox 282 1684 340 1758; x_wconf 82' lang='grc' dir='ltr'>Ἐς</span> <span class='ocrx_word' id='word_1_36' title='bbox 365 1682 472 1770; x_wconf 81' lang='lat' dir='ltr'>igitur</span> <span class='ocrx_word' id='word_1_37' title='bbox 495 1681 571 1769; x_wconf 89' lang='lat' dir='ltr'>plus</span> <span class='ocrx_word' id='word_1_38' title='bbox 595 1701 695 1768; x_wconf 90' lang='lat' dir='ltr'>quam</span> <span class='ocrx_word' id='word_1_39' title='bbox 721 1681 858 1748; x_wconf 80' lang='lat' dir='ltr'>tertiam</span> <span class='ocrx_word' id='word_1_40' title='bbox 881 1687 1013 1769; x_wconf 88' lang='lat' dir='ltr'>partem</span> <span class='ocrx_word' id='word_1_41' title='bbox 1040 1683 1191 1750; x_wconf 88' lang='lat' dir='ltr'>omnium</span> <span class='ocrx_word' id='word_1_42' title='bbox 1217 1683 1381 1751; x_wconf 91' lang='lat' dir='ltr'>accusati-</span> 
     </span>
     <span class='ocr_line' id='line_1_10' title="bbox 236 1800 1380 1897; baseline 0 -26"><span class='ocrx_word' id='word_1_43' title='bbox 236 1824 359 1871; x_wconf 90' lang='lat' dir='ltr'>vorum</span> <span class='ocrx_word' id='word_1_44' title='bbox 384 1802 446 1869; x_wconf 92' lang='lat' dir='ltr'>sibi</span> <span class='ocrx_word' id='word_1_45' title='bbox 461 1803 625 1869; x_wconf 91' lang='lat' dir='ltr'>vindicat:</span> <span class='ocrx_word' id='word_1_46' title='bbox 650 1804 804 1891; x_wconf 88' lang='lat' dir='ltr'>sequitur</span> <span class='ocrx_word' id='word_1_47' title='bbox 818 1800 917 1897; x_wconf 61' lang='lat' dir='ltr'>npo&#39;c:</span> <span class='ocrx_word' id='word_1_48' title='bbox 942 1805 1070 1871; x_wconf 91' lang='lat' dir='ltr'>maiore</span> <span class='ocrx_word' id='word_1_49' title='bbox 1087 1805 1263 1872; x_wconf 90' lang='lat' dir='ltr'>intervallo</span> <span class='ocrx_word' id='word_1_50' title='bbox 1279 1801 1380 1896; x_wconf 70' lang='grc' dir='ltr'>κατά,</span> 
     </span>
     <span class='ocr_line' id='line_1_11' title="bbox 238 1920 1380 2027; baseline 0.001 -29"><span class='ocrx_word' id='word_1_51' title='bbox 238 1929 302 2022; x_wconf 65' lang='grc' dir='ltr'>ἐπί,</span> <span class='ocrx_word' id='word_1_52' title='bbox 325 1927 388 1997; x_wconf 82' lang='grc' dir='ltr'><strong>διά.</strong></span> <span class='ocrx_word' id='word_1_53' title='bbox 414 1931 519 1998; x_wconf 89' lang='lat' dir='ltr'>Porro</span> <span class='ocrx_word' id='word_1_54' title='bbox 543 1928 624 2011; x_wconf 85' lang='grc' dir='ltr'>ὑπό,</span> <span class='ocrx_word' id='word_1_55' title='bbox 647 1928 728 2023; x_wconf 68' lang='grc' dir='ltr'>ἀνά,</span> <span class='ocrx_word' id='word_1_56' title='bbox 753 1931 852 2027; x_wconf 71' lang='grc' dir='ltr'>ὑπέρ7</span> <span class='ocrx_word' id='word_1_57' title='bbox 879 1953 957 1999; x_wconf 93' lang='lat' dir='ltr'>raro</span> <span class='ocrx_word' id='word_1_58' title='bbox 981 1920 1210 2000; x_wconf 71' lang='lat' dir='ltr'>accusativum</span> <span class='ocrx_word' id='word_1_59' title='bbox 1237 1939 1380 2022; x_wconf 81' lang='lat' dir='ltr'>regunt,</span> 
     </span>
     <span class='ocr_line' id='line_1_12' title="bbox 239 2057 1246 2152; baseline -0.003 -25"><span class='ocrx_word' id='word_1_60' title='bbox 239 2057 327 2152; x_wconf 77' lang='lat' dir='ltr'>cippi</span> <span class='ocrx_word' id='word_1_61' title='bbox 348 2080 375 2126; x_wconf 90' lang='lat' dir='ltr'>o.</span> <span class='ocrx_word' id='word_1_62' title='bbox 400 2079 467 2125; x_wconf 89' lang='lat' dir='ltr'>acc.</span> <span class='ocrx_word' id='word_1_63' title='bbox 494 2064 630 2127; x_wconf 88' lang='lat' dir='ltr'>tantum</span> <span class='ocrx_word' id='word_1_64' title='bbox 654 2060 688 2125; x_wconf 90' lang='lat' dir='ltr'>in</span> <span class='ocrx_word' id='word_1_65' title='bbox 710 2059 839 2127; x_wconf 85' lang='lat' dir='ltr'>melicis</span> <span class='ocrx_word' id='word_1_66' title='bbox 862 2065 896 2126; x_wconf 89' lang='lat' dir='ltr'>et</span> <span class='ocrx_word' id='word_1_67' title='bbox 919 2061 954 2126; x_wconf 93' lang='lat' dir='ltr'>in</span> <span class='ocrx_word' id='word_1_68' title='bbox 978 2059 1119 2147; x_wconf 87' lang='lat' dir='ltr'>parodia</span> <span class='ocrx_word' id='word_1_69' title='bbox 1142 2063 1246 2125; x_wconf 86' lang='lat' dir='ltr'>extat.</span> 
     </span>
    </p>

    <p class='ocr_par' dir='ltr' id='par_1_4' title="bbox 237 2188 1489 2530">
     <span class='ocr_line' id='line_1_13' title="bbox 280 2188 1380 2278; baseline -0.003 -22"><span class='ocrx_word' id='word_1_70' title='bbox 280 2190 379 2268; x_wconf 79' lang='lat' dir='ltr'>Quod</span> <span class='ocrx_word' id='word_1_71' title='bbox 395 2191 520 2256; x_wconf 80' lang='lat' dir='ltr'>attinet</span> <span class='ocrx_word' id='word_1_72' title='bbox 535 2190 579 2255; x_wconf 91' lang='lat' dir='ltr'>ad</span> <span class='ocrx_word' id='word_1_73' title='bbox 592 2190 775 2267; x_wconf 89' lang='lat' dir='ltr'>rationem,</span> <span class='ocrx_word' id='word_1_74' title='bbox 792 2211 880 2278; x_wconf 88' lang='lat' dir='ltr'>quae</span> <span class='ocrx_word' id='word_1_75' title='bbox 897 2190 989 2255; x_wconf 91' lang='lat' dir='ltr'>inter</span> <span class='ocrx_word' id='word_1_76' title='bbox 1008 2188 1221 2278; x_wconf 85' lang='lat' dir='ltr'>singulorum</span> <span class='ocrx_word' id='word_1_77' title='bbox 1238 2208 1380 2255; x_wconf 89' lang='lat' dir='ltr'>casuum</span> 
     </span>
     <span class='ocr_line' id='line_1_14' title="bbox 237 2313 1380 2402; baseline -0.004 -19"><span class='ocrx_word' id='word_1_78' title='bbox 237 2335 397 2384; x_wconf 90' lang='lat' dir='ltr'>numeros</span> <span class='ocrx_word' id='word_1_79' title='bbox 421 2313 620 2397; x_wconf 76' lang='lat' dir='ltr'>intercedit,</span> <span class='ocrx_word' id='word_1_80' title='bbox 650 2314 888 2402; x_wconf 83' lang='lat' dir='ltr'>genetivorum</span> <span class='ocrx_word' id='word_1_81' title='bbox 918 2334 1086 2381; x_wconf 88' lang='lat' dir='ltr'>numerus</span> <span class='ocrx_word' id='word_1_82' title='bbox 1109 2313 1380 2380; x_wconf 88' lang='lat' dir='ltr'>accusativorum</span> 
     </span>
     <span class='ocr_line' id='line_1_15' title="bbox 238 2412 1489 2530; baseline -0.003 -23"><span class='ocrx_word' id='word_1_83' title='bbox 238 2461 347 2530; x_wconf 88' lang='lat' dir='ltr'>paene</span> <span class='ocrx_word' id='word_1_84' title='bbox 371 2443 509 2527; x_wconf 89' lang='lat' dir='ltr'>aequat,</span> <span class='ocrx_word' id='word_1_85' title='bbox 545 2438 604 2505; x_wconf 90' lang='lat' dir='ltr'>sed</span> <span class='ocrx_word' id='word_1_86' title='bbox 627 2459 790 2506; x_wconf 89' lang='lat' dir='ltr'>numerus</span> <span class='ocrx_word' id='word_1_87' title='bbox 818 2439 1010 2506; x_wconf 82' lang='lat' dir='ltr'>dativorum</span> <span class='ocrx_word' id='word_1_88' title='bbox 1032 2439 1132 2526; x_wconf 84' lang='lat' dir='ltr'>longe</span> <span class='ocrx_word' id='word_1_89' title='bbox 1154 2438 1295 2505; x_wconf 82' lang='lat' dir='ltr'>inferior</span> <span class='ocrx_word' id='word_1_90' title='bbox 1318 2441 1379 2503; x_wconf 88' lang='lat' dir='ltr'>est.</span> <span class='ocrx_word' id='word_1_91' title='bbox 1487 2412 1489 2416; x_wconf 10' lang='lat' dir='ltr'>y</span> 
     </span>
    </p>

    <p class='ocr_par' dir='ltr' id='par_1_5' title="bbox 238 2562 1383 3027">
     <span class='ocr_line' id='line_1_16' title="bbox 285 2562 1382 2652; baseline -0.005 -20"><span class='ocrx_word' id='word_1_92' title='bbox 285 2564 384 2642; x_wconf 81' lang='lat' dir='ltr'>Quod</span> <span class='ocrx_word' id='word_1_93' title='bbox 406 2563 509 2630; x_wconf 88' lang='lat' dir='ltr'>etiam</span> <span class='ocrx_word' id='word_1_94' title='bbox 532 2564 640 2652; x_wconf 84' lang='lat' dir='ltr'>magis</span> <span class='ocrx_word' id='word_1_95' title='bbox 664 2563 768 2649; x_wconf 83' lang='lat' dir='ltr'>valet,</span> <span class='ocrx_word' id='word_1_96' title='bbox 794 2564 821 2631; x_wconf 92' lang='lat' dir='ltr'>si</span> <span class='ocrx_word' id='word_1_97' title='bbox 847 2563 1015 2643; x_wconf 86' lang='lat' dir='ltr'>diverbia,</span> <span class='ocrx_word' id='word_1_98' title='bbox 1040 2584 1128 2651; x_wconf 89' lang='lat' dir='ltr'>quae</span> <span class='ocrx_word' id='word_1_99' title='bbox 1152 2584 1193 2628; x_wconf 83' lang='lat' dir='ltr'>ex</span> <span class='ocrx_word' id='word_1_100' title='bbox 1217 2562 1382 2630; x_wconf 88' lang='lat' dir='ltr'>trimetris</span> 
     </span>
     <span class='ocr_line' id='line_1_17' title="bbox 238 2685 1383 2776; baseline -0.003 -20"><span class='ocrx_word' id='word_1_101' title='bbox 238 2688 392 2757; x_wconf 87' lang='lat' dir='ltr'>iambicis</span> <span class='ocrx_word' id='word_1_102' title='bbox 416 2685 720 2775; x_wconf 73' lang='lat' dir='ltr'>composita&#39;sunt‚</span> <span class='ocrx_word' id='word_1_103' title='bbox 748 2728 785 2737; x_wconf 93' lang='lat'>—</span> <span class='ocrx_word' id='word_1_104' title='bbox 813 2710 854 2757; x_wconf 88' lang='lat' dir='ltr'>ea</span> <span class='ocrx_word' id='word_1_105' title='bbox 877 2690 969 2756; x_wconf 91' lang='lat' dir='ltr'>enim</span> <span class='ocrx_word' id='word_1_106' title='bbox 994 2708 1188 2756; x_wconf 88' lang='lat' dir='ltr'>sermonem</span> <span class='ocrx_word' id='word_1_107' title='bbox 1212 2687 1383 2776; x_wconf 88' lang='lat' dir='ltr'>quotidia-</span> 
     </span>
     <span class='ocr_line' id='line_1_18' title="bbox 240 2812 1382 2903; baseline -0.004 -20"><span class='ocrx_word' id='word_1_108' title='bbox 240 2836 325 2883; x_wconf 91' lang='lat' dir='ltr'>num</span> <span class='ocrx_word' id='word_1_109' title='bbox 348 2813 539 2880; x_wconf 88' lang='lat' dir='ltr'>fidelissime</span> <span class='ocrx_word' id='word_1_110' title='bbox 562 2819 824 2902; x_wconf 88' lang='lat' dir='ltr'>repraesentant</span> <span class='ocrx_word' id='word_1_111' title='bbox 847 2835 983 2881; x_wconf 94' lang='lat' dir='ltr'>-cum</span> <span class='ocrx_word' id='word_1_112' title='bbox 1006 2813 1138 2903; x_wconf 86' lang='lat' dir='ltr'>reliquo</span> <span class='ocrx_word' id='word_1_113' title='bbox 1157 2812 1382 2900; x_wconf 82' lang='lat' dir='ltr'>Aristophane</span> 
     </span>
     <span class='ocr_line' id='line_1_19' title="bbox 240 2929 558 3027; baseline -0.009 -19"><span class='ocrx_word' id='word_1_114' title='bbox 240 2960 493 3027; x_wconf 84' lang='lat' dir='ltr'>comparamus:</span> <span class='ocrx_word' id='word_1_115' title='bbox 556 2929 558 2933; x_wconf 40' lang='lat'><em>⁴</em></span> 
     </span>
    </p>
   </div>
   <div class='ocr_carea' id='block_1_3' title="bbox 441 3104 1181 3282">
    <p class='ocr_par' dir='ltr' id='par_1_6' title="bbox 441 3104 1181 3282">
     <span class='ocr_line' id='line_1_20' title="bbox 737 3104 1015 3170; baseline 0 -12"><span class='ocrx_word' id='word_1_116' title='bbox 737 3104 761 3160; x_wconf 92' lang='lat' dir='ltr'>I.</span> <span class='ocrx_word' id='word_1_117' title='bbox 868 3104 1015 3170; x_wconf 63' lang='lat'>114111.</span> 
     </span>
     <span class='ocr_line' id='line_1_21' title="bbox 441 3211 1181 3282; baseline -0.005 0"><span class='ocrx_word' id='word_1_118' title='bbox 441 3214 665 3282; x_wconf 87' lang='lat' dir='ltr'>Accusativus</span> <span class='ocrx_word' id='word_1_119' title='bbox 723 3213 787 3280; x_wconf 85' lang='grc'>767</span> <span class='ocrx_word' id='word_1_120' title='bbox 923 3212 988 3279; x_wconf 77' lang='grc'>197</span> <span class='ocrx_word' id='word_1_121' title='bbox 1035 3243 1075 3270; x_wconf 71' lang='lat' dir='ltr'><strong><em>z</em></strong></span> <span class='ocrx_word' id='word_1_122' title='bbox 1092 3211 1181 3279; x_wconf 77' lang='grc'><strong>1261</strong></span> 
     </span>
    </p>
   </div>
   <div class='ocr_carea' id='block_1_4' title="bbox 442 3336 1190 3531">
    <p class='ocr_par' dir='ltr' id='par_1_7' title="bbox 442 3336 1190 3531">
     <span class='ocr_line' id='line_1_22' title="bbox 443 3336 1182 3405; baseline -0.001 -1"><span class='ocrx_word' id='word_1_123' title='bbox 443 3338 627 3405; x_wconf 81' lang='lat' dir='ltr'>Genetivus</span> <span class='ocrx_word' id='word_1_124' title='bbox 721 3336 789 3404; x_wconf 79' lang='lat'>689</span> <span class='ocrx_word' id='word_1_125' title='bbox 922 3336 990 3404; x_wconf 84' lang='lat'>505</span> <span class='ocrx_word' id='word_1_126' title='bbox 1036 3369 1077 3395; x_wconf 70' lang='grc' dir='ltr'>ε</span> <span class='ocrx_word' id='word_1_127' title='bbox 1094 3336 1182 3404; x_wconf 81' lang='grc'><strong>1191</strong></span> 
     </span>
     <span class='ocr_line' id='line_1_23' title="bbox 442 3461 1190 3531; baseline -0.001 -2"><span class='ocrx_word' id='word_1_128' title='bbox 442 3463 585 3531; x_wconf 89' lang='lat' dir='ltr'>Dativus</span> <span class='ocrx_word' id='word_1_129' title='bbox 719 3461 786 3529; x_wconf 88' lang='grc'>390</span> <span class='ocrx_word' id='word_1_130' title='bbox 920 3461 987 3529; x_wconf 82' lang='grc'>380</span> <span class='ocrx_word' id='word_1_131' title='bbox 1034 3494 1075 3520; x_wconf 75' lang='lat' dir='ltr'><strong><em>z</em></strong></span> <span class='ocrx_word' id='word_1_132' title='bbox 1116 3461 1190 3528; x_wconf 88' lang='grc'><strong>770.</strong></span> 
     </span>
    </p>
   </div>
   <div class='ocr_carea' id='block_1_5' title="bbox 244 3656 1386 4129">
    <p class='ocr_par' dir='ltr' id='par_1_8' title="bbox 244 3656 1386 4129">
     <span class='ocr_line' id='line_1_24' title="bbox 288 3656 1384 3748; baseline -0.005 -22"><span class='ocrx_word' id='word_1_133' title='bbox 288 3659 451 3726; x_wconf 89' lang='lat' dir='ltr'>Videmus</span> <span class='ocrx_word' id='word_1_134' title='bbox 485 3658 592 3748; x_wconf 83' lang='lat' dir='ltr'>igitur</span> <span class='ocrx_word' id='word_1_135' title='bbox 621 3657 673 3741; x_wconf 76' lang='lat' dir='ltr'>&lt;ut</span> <span class='ocrx_word' id='word_1_136' title='bbox 702 3677 764 3744; x_wconf 93' lang='lat' dir='ltr'>per</span> <span class='ocrx_word' id='word_1_137' title='bbox 791 3678 828 3723; x_wconf 87' lang='lat' dir='ltr'>se</span> <span class='ocrx_word' id='word_1_138' title='bbox 851 3656 1075 3746; x_wconf 82' lang='lat' dir='ltr'>intellegitur,</span> <span class='ocrx_word' id='word_1_139' title='bbox 1107 3657 1240 3724; x_wconf 89' lang='lat' dir='ltr'>ratione</span> <span class='ocrx_word' id='word_1_140' title='bbox 1265 3656 1384 3724; x_wconf 90' lang='lat' dir='ltr'>habita</span> 
     </span>
     <span class='ocr_line' id='line_1_25' title="bbox 244 3780 1383 3871; baseline -0.001 -23"><span class='ocrx_word' id='word_1_141' title='bbox 244 3781 496 3871; x_wconf 83' lang='lat' dir='ltr'>numerorum),</span> <span class='ocrx_word' id='word_1_142' title='bbox 533 3781 684 3848; x_wconf 88' lang='lat' dir='ltr'>dativum</span> <span class='ocrx_word' id='word_1_143' title='bbox 720 3780 830 3848; x_wconf 91' lang='lat' dir='ltr'>altiori</span> <span class='ocrx_word' id='word_1_144' title='bbox 866 3781 998 3847; x_wconf 89' lang='lat' dir='ltr'>dicendi</span> <span class='ocrx_word' id='word_1_145' title='bbox 1029 3782 1147 3868; x_wconf 83' lang='lat' dir='ltr'>generi</span> <span class='ocrx_word' id='word_1_146' title='bbox 1170 3781 1279 3869; x_wconf 80' lang='lat' dir='ltr'>magis</span> <span class='ocrx_word' id='word_1_147' title='bbox 1304 3800 1383 3868; x_wconf 93' lang='lat' dir='ltr'>pro·</span> 
     </span>
     <span class='ocr_line' id='line_1_26' title="bbox 244 3905 1384 3995; baseline -0.002 -22"><span class='ocrx_word' id='word_1_148' title='bbox 244 3907 357 3994; x_wconf 93' lang='lat' dir='ltr'>prium</span> <span class='ocrx_word' id='word_1_149' title='bbox 381 3927 471 3984; x_wconf 93' lang='lat' dir='ltr'>esse,</span> <span class='ocrx_word' id='word_1_150' title='bbox 497 3927 599 3994; x_wconf 88' lang='lat' dir='ltr'>quam</span> <span class='ocrx_word' id='word_1_151' title='bbox 622 3906 820 3995; x_wconf 81' lang='lat' dir='ltr'>genetivum</span> <span class='ocrx_word' id='word_1_152' title='bbox 839 3911 873 3971; x_wconf 91' lang='lat' dir='ltr'>ot</span> <span class='ocrx_word' id='word_1_153' title='bbox 888 3905 1138 3972; x_wconf 89' lang='lat' dir='ltr'>accusativum:</span> <span class='ocrx_word' id='word_1_154' title='bbox 1155 3905 1218 3972; x_wconf 93' lang='lat' dir='ltr'>hos</span> <span class='ocrx_word' id='word_1_155' title='bbox 1234 3907 1384 3973; x_wconf 88' lang='lat' dir='ltr'>sermoni</span> 
     </span>
     <span class='ocr_line' id='line_1_27' title="bbox 246 4031 1386 4129; baseline -0.002 -31"><span class='ocrx_word' id='word_1_156' title='bbox 246 4032 441 4119; x_wconf 90' lang='lat' dir='ltr'>quotidiano</span> <span class='ocrx_word' id='word_1_157' title='bbox 476 4031 690 4117; x_wconf 89' lang='lat' dir='ltr'>acceptiores.</span> <span class='ocrx_word' id='word_1_158' title='bbox 749 4031 964 4129; x_wconf 82' lang='lat' dir='ltr'>Argumento</span> <span class='ocrx_word' id='word_1_159' title='bbox 1004 4035 1084 4097; x_wconf 91' lang='lat' dir='ltr'>sunt</span> <span class='ocrx_word' id='word_1_160' title='bbox 1118 4031 1386 4118; x_wconf 88' lang='lat' dir='ltr'>praepositiones</span> 
     </span>
    </p>
   </div>
   <div class='ocr_carea' id='block_1_6' title="bbox 246 4226 451 4236">
    <p class='ocr_par' dir='ltr' id='par_1_9' title="bbox 246 4226 451 4236">
     <span class='ocr_line' id='line_1_28' title="bbox 246 4226 451 4236; baseline -0.005 -3"><span class='ocrx_word' id='word_1_161' title='bbox 246 4226 451 4236; x_wconf 41' lang='grc' dir='ltr'>μ*</span> 
     </span>
    </p>
   </div>
   <div class='ocr_carea' id='block_1_7' title="bbox 245 4378 1387 4624">
    <p class='ocr_par' dir='ltr' id='par_1_10' title="bbox 245 4378 1387 4624">
     <span class='ocr_line' id='line_1_29' title="bbox 280 4378 1387 4454; baseline -0.002 -19"><span class='ocrx_word' id='word_1_162' title='bbox 280 4384 305 4454; x_wconf 92' lang='lat'>¹)</span> <span class='ocrx_word' id='word_1_163' title='bbox 325 4380 431 4436; x_wconf 86' lang='lat' dir='ltr'>Divisio</span> <span class='ocrx_word' id='word_1_164' title='bbox 452 4381 481 4435; x_wconf 90' lang='lat' dir='ltr'>in</span> <span class='ocrx_word' id='word_1_165' title='bbox 499 4379 526 4444; x_wconf 93' lang='lat' dir='ltr'>I,</span> <span class='ocrx_word' id='word_1_166' title='bbox 546 4379 590 4443; x_wconf 90' lang='lat' dir='ltr'>II,</span> <span class='ocrx_word' id='word_1_167' title='bbox 610 4379 672 4444; x_wconf 91' lang='lat' dir='ltr'><strong>III,</strong></span> <span class='ocrx_word' id='word_1_168' title='bbox 699 4380 722 4434; x_wconf 86' lang='lat' dir='ltr'>si</span> <span class='ocrx_word' id='word_1_169' title='bbox 741 4379 831 4443; x_wconf 88' lang='lat' dir='ltr'>lubet,</span> <span class='ocrx_word' id='word_1_170' title='bbox 851 4380 880 4434; x_wconf 90' lang='lat' dir='ltr'>in</span> <span class='ocrx_word' id='word_1_171' title='bbox 898 4379 1025 4452; x_wconf 81' lang='lat' dir='ltr'>proximis</span> <span class='ocrx_word' id='word_1_172' title='bbox 1044 4378 1142 4433; x_wconf 88' lang='lat' dir='ltr'>tabulis</span> <span class='ocrx_word' id='word_1_173' title='bbox 1160 4378 1274 4433; x_wconf 82' lang='lat' dir='ltr'>conferri</span> <span class='ocrx_word' id='word_1_174' title='bbox 1292 4382 1387 4450; x_wconf 84' lang='lat' dir='ltr'>potest.</span> 
     </span>
     <span class='ocr_line' id='line_1_30' title="bbox 246 4473 1387 4551; baseline -0.002 -19"><span class='ocrx_word' id='word_1_175' title='bbox 246 4478 301 4533; x_wconf 85' lang='lat' dir='ltr'>Sub</span> <span class='ocrx_word' id='word_1_176' title='bbox 321 4480 336 4530; x_wconf 86' lang='grc'><strong>2</strong></span> <span class='ocrx_word' id='word_1_177' title='bbox 349 4476 486 4531; x_wconf 85' lang='lat' dir='ltr'>omisimus</span> <span class='ocrx_word' id='word_1_178' title='bbox 499 4479 573 4551; x_wconf 77' lang='grc' dir='ltr'><em>ἀμφὶ,</em></span> <span class='ocrx_word' id='word_1_179' title='bbox 597 4493 666 4545; x_wconf 88' lang='lat' dir='ltr'>quac</span> <span class='ocrx_word' id='word_1_180' title='bbox 686 4475 742 4530; x_wconf 87' lang='lat' dir='ltr'>sola</span> <span class='ocrx_word' id='word_1_181' title='bbox 758 4474 921 4548; x_wconf 86' lang='lat' dir='ltr'>praepositio</span> <span class='ocrx_word' id='word_1_182' title='bbox 935 4473 1086 4546; x_wconf 85' lang='lat' dir='ltr'>genetivum</span> <span class='ocrx_word' id='word_1_183' title='bbox 1099 4473 1178 4546; x_wconf 85' lang='lat' dir='ltr'>plane</span> <span class='ocrx_word' id='word_1_184' title='bbox 1191 4474 1298 4528; x_wconf 88' lang='lat' dir='ltr'>missum</span> <span class='ocrx_word' id='word_1_185' title='bbox 1311 4473 1387 4531; x_wconf 81' lang='lat' dir='ltr'>iecit,</span> 
     </span>
     <span class='ocr_line' id='line_1_31' title="bbox 245 4567 708 4624; baseline -0.006 -1"><span class='ocrx_word' id='word_1_186' title='bbox 245 4568 335 4624; x_wconf 85' lang='lat' dir='ltr'>dativo</span> <span class='ocrx_word' id='word_1_187' title='bbox 355 4572 383 4623; x_wconf 86' lang='lat' dir='ltr'>et</span> <span class='ocrx_word' id='word_1_188' title='bbox 402 4567 553 4624; x_wconf 87' lang='lat' dir='ltr'>accusativo</span> <span class='ocrx_word' id='word_1_189' title='bbox 573 4570 708 4622; x_wconf 88' lang='lat' dir='ltr'>contenta.</span> 
     </span>
    </p>
   </div>
   <div class='ocr_carea' id='block_1_8' title="bbox 0 0 1641 5212">
    <p class='ocr_par' dir='ltr' id='par_1_11' title="bbox 0 0 1641 5212">
     <span class='ocr_line' id='line_1_32' title="bbox 0 0 1641 5212; baseline 0 0"><span class='ocrx_word' id='word_1_190' title='bbox 0 0 1641 5212; x_wconf 95' lang='lat' dir='ltr'> </span> 
     </span>
    </p>
   </div>
  </div>
 </body>
</html>
