3240 5212
793 383 838 452 14

284 580 312 645 6.
360 578 656 667 praecedente
687 578 890 669 attributo
919 579 1160 669 (adjectivo
1191 582 1304 672 cet.):

286 700 373 768 Nun
397 699 464 768 580
480 722 503 767 n
529 697 645 793 μηδενὶ
673 697 726 775 ξὺν
756 702 824 793 rip,
849 700 909 768 Th.
929 700 996 768 783
1011 724 1034 769 n
1057 701 1169 779 πάσας
1183 700 1257 771 καθ’
1277 701 1383 797 ὁδούς,

240 826 380 894 locam
409 832 467 895 τοῦ
503 826 707 919 σεμνοτάτου
744 825 782 896 δι’
810 824 999 921 Ὀλύμπου,
1036 833 1155 900 unicus
1189 833 1299 917 locus,
1325 834 1384 901 ubi

240 950 405 1018 articulus
450 952 616 1019 adiectivo
653 928 806 1030 additur,
847 951 909 1040 Eq.
948 950 1084 1028 403111,
1125 953 1213 1020 Nub.
1249 952 1316 1020 286
1332 977 1383 1039 m,

241 1072 364 1152 alem,
388 1077 487 1164 Vesp.
501 1075 644 1153 11607,
672 1076 731 1142 Αν.
756 1075 822 1143 409
839 1098 890 1154 m,
915 1075 982 1142 905
999 1098 1032 1142 m
1050 1077 1089 1160 L,
1113 1076 1202 1143 1232
1214 1077 1250 1162 Τ,
1275 1078 1365 1146 1595
1375 1131 1386 1164 ,,

240 1198 395 1283 1722αι,
432 1201 508 1287 [με.
543 1199 679 1280 torm,
716 1200 778 1267 Th.
814 1199 880 1267 177
905 1201 948 1284 Τ,
974 1199 1110 1279 3l3m,
1134 1200 1219 1268 Ran.
1244 1202 1411 1280 alam„

240 1322 372 1402 aram,
406 1323 541 1408 anam,
568 1305 705 1406 sarm,
730 1324 865 1409 amni,
890 1324 953 1391 aar
974 1347 1023 1404 m,
1048 1323 1185 1408 arom,
1210 1325 1299 1392 1533
1318 1326 1383 1392 nr

240 1446 390 1516 Subinde
413 1450 617 1516 adiectivum
642 1472 662 1516 a
687 1450 937 1537 praepositione
961 1450 1126 1537 particula
1150 1452 1200 1517 vel
1221 1451 1287 1518 alia
1302 1471 1383 1518 voce

240 1572 447 1658 seiungitur:
465 1545 543 1638 Pac.
556 1571 645 1639 1088
658 1593 677 1639 e
690 1577 784 1639 ποῖον
798 1569 861 1666 γὰρ
884 1568 967 1638 κατὰ
988 1569 1158 1665 χρησμόν,
1172 1573 1232 1639 Αν.
1246 1571 1334 1639 1398
1347 1594 1380 1638 m

240 1696 348 1764 νοτίαν
377 1696 518 1792 στείχων
545 1697 628 1793 πρός
656 1698 752 1792 ὁδόν,
776 1700 836 1767 Th.
861 1700 928 1767 127
943 1721 995 1779 m,
1022 1699 1110 1767 1055
1126 1721 1170 1767 m.

283 1829 437 1919 Apparet
470 1831 575 1919 igitur
604 1833 693 1900 lianc
716 1851 851 1921 quoque
874 1831 1132 1897 translationem
1156 1850 1322 1917 nusquam
1347 1829 1382 1895 in

239 1953 404 2019 trimetris
428 1952 580 2020 iambicis
603 1955 697 2042 puris
715 1952 872 2020 inveniri.
889 1952 967 2038 Lys.
986 1949 1074 2018 1129
1091 1955 1167 2040 μιᾶς
1182 1951 1217 2017 ἐκ
1230 1947 1382 2046 χέρνιβος

239 2081 435 2148 coniectura
457 2082 596 2148 Bentleii
624 2090 676 2148 est
701 2102 762 2169 pro
788 2083 864 2169 μιᾶς
890 2102 926 2146 τε
953 2076 1115 2176 χέρνιβος.
1139 2080 1233 2158 Quae
1257 2081 1285 2146 si
1303 2100 1383 2145 vera

239 2207 308 2279 est,
350 2202 441 2270 hunc
483 2222 617 2291 quoque
659 2223 793 2269 versum
835 2223 943 2290 aeque
982 2224 1023 2269 ac
1065 2202 1310 2290 praecedentes
1348 2207 1382 2268 et

239 2333 420 2414 sequentes
455 2326 542 2416 (vide
579 2327 801 2414 Bakhuyzen,
837 2328 880 2394 de
915 2327 1055 2415 parodia
1089 2333 1183 2403 cett,
1220 2325 1382 2411 adini.)

238 2453 414 2539 parodiam
439 2453 614 2519 continere
637 2453 843 2541 putaverim.

284 2598 309 2642 c.
358 2577 655 2664 praecedente
683 2576 910 2644 attributo
942 2576 1194 2667 (genetivo):

284 2698 371 2766 Nub.
396 2698 463 2766 270
485 2721 508 2765 n
531 2695 684 2766 Ὠκεανοῦ
711 2697 838 2793 πατρὸς
866 2699 900 2766 έν
927 2697 1065 2793 κήποις,
1091 2697 1218 2765 10086
1244 2695 1326 2792 ἦρος
1345 2696 1379 2763 έν

240 2819 330 2920 ὥρᾳ,
370 2826 445 2894 Ραα.
480 2827 602 2912 toln,
639 2829 714 2916 Lys
750 2828 874 2908 552ιι,
911 2827 970 2894 Th.
1006 2826 1094 2911 aot,
1127 2826 1212 2892 Ran.
1245 2826 1312 2893 666
1336 2826 1379 2907 Τ,

238 2948 343 3016 70411
366 2951 407 3036 L,
432 2950 520 3017 Eccl.
544 2950 589 3016 12
612 2950 649 3017 Τ.
825 2964 827 2969 ’

284 3074 346 3141 llic
368 3075 434 3141 illio
454 3075 636 3163 genetivus
652 3074 872 3142 attributivus
892 3095 913 3141 a
935 3074 1186 3166 praepositione
1202 3079 1380 3160 separatur

238 3197 406 3284 particula
429 3196 482 3264 vel
506 3197 571 3264 alia
596 3218 695 3265 voce:
723 3198 784 3263 Αν.
808 3195 876 3262 694
891 3217 914 3262 ιι
937 3189 1094 3291 Ἐρέβους
1121 3190 1148 3260 δ’
1176 3186 1379 3288 ἐν’ἀπείροσι

236 3322 386 3416 κόλποις,
415 3326 512 3414 Vesp.
552 3324 638 3391 1032
659 3347 741 3391 n:
767 3325 846 3391 Pac.
884 3323 1004 3409 75511,
1040 3323 1101 3390 nv.
1138 3322 1228 3389 1094
1244 3345 1288 3389 m.
1336 3323 1380 3390 Et

236 3448 439 3514 adiectivum
463 3452 497 3514 et
520 3448 698 3537 genetivus
722 3446 945 3514 attributivus
965 3444 1204 3532 praepositioni
1220 3445 1380 3531 praemit-

236 3576 375 3637 tuntur:
401 3569 461 3636 Th.
486 3567 553 3636 993
570 3591 604 3636 m
629 3563 773 3662 Νυμροῖν
801 3567 930 3664 ἐρατοῖς
961 3566 994 3634 ἐν
1023 3561 1145 3656 ὕμνοις.

282 3697 465 3781 Traiectio,
503 3697 611 3786 qualis
636 3703 731 3765 extat
755 3698 818 3787 Eq.
841 3695 937 3776 3r'r
960 3691 1049 3762 θεῶν
1071 3693 1157 3762 ἰόντε
1177 3698 1377 3789 προσπεσεῖν

236 3847 294 3891 του
320 3823 402 3919 προς
430 3821 548 3920 βρέτας
572 3825 689 3912 procul
706 3823 808 3891 dubio
826 3824 987 3912 parodiae
998 3823 1181 3891 tribuenda
1194 3829 1262 3890 est:
1278 3823 1377 3900 item,

237 3954 329 4042 quod
363 3954 507 4042 legimus
538 3954 598 4019 Αν.
622 3951 712 4019 1546
737 3947 836 4040 μόνον
865 3946 955 4018 θεῶν
983 3948 1046 4045 γὰρ
1075 3947 1127 4017 διὰ
1155 3947 1184 4016 σ’
1211 3944 1376 4043 ἐπανθρα-

236 4079 384 4170 κίζομεν,
411 4081 486 4148 vide
511 4079 714 4168 Bakhuyzen
737 4081 780 4148 ad
800 4081 861 4146 Αν.
878 4077 985 4165 1494,
1002 4080 1061 4168 qui
1078 4079 1193 4146 multis
1210 4079 1377 4158 ostendit,

237 4204 328 4271 Aves
358 4203 439 4270 inde
470 4225 491 4271 a
519 4223 583 4270 vrs.
608 4202 696 4269 1470
720 4203 846 4291 passim
870 4202 1047 4291 usquead
1072 4202 1173 4268 finem
1199 4201 1374 4288 parodiam

237 4329 410 4396 continere
434 4328 630 4396 Promethei
651 4327 801 4416 Ignileri.

282 4454 373 4521 Haec
403 4454 518 4521 omnia
547 4453 653 4542 igitur
675 4473 846 4541 nusquam
870 4453 905 4518 in
928 4453 1093 4519 trimetris
1115 4449 1284 4534 iambicis,
1310 4452 1373 4517 nisi

239 4577 296 4646 ubi
320 4579 461 4666 parodia
485 4578 535 4645 vel
559 4579 818 4668 paratragoedia
841 4557 947 4645 adest.
