3240 5212
855 390 922 458 112

318 611 401 656 τατα
436 588 453 654 ὁ
480 580 590 663 λοιπδς
616 585 675 663 τὰς
703 588 848 682 ὀσρναςί
875 588 926 657 ἐπὶ
952 594 1018 657 τῶν
1046 593 1205 682 κοχιονῶν
1234 580 1331 685 ἀργδς
1359 581 1457 665 αὺτδς

319 716 445 806 οὑτοσί;
477 718 612 804 Blayd.:
645 716 691 792 τίς
718 716 745 784 δ’
773 714 845 786 ἔσθ’
874 718 890 784 ὁ
917 716 1033 793 λίσπος
1059 705 1218 810 ἐγρὺτατα
1246 715 1458 812 καθήμενος]

317 839 366 913 ἐπὶ
392 851 458 913 τῶν
485 849 659 938 κοχιονῶν,
689 840 729 914 Β.
762 841 869 943 Ἀρρδς
898 840 982 915 ἐστιν
1011 838 1132 914 οὑτοσί.
1157 850 1226 917 Vel.
1255 889 1292 898 -
1318 840 1369 914 ἐπὶ
1395 851 1459 941 τῆς

318 959 460 1067 ὀσρίνοςί
486 971 538 1040 καί
564 978 630 1040 τῶν
658 980 831 1068 κοχωνῶν.

363 1103 447 1170 Vide
485 1122 588 1189 porro
624 1105 916 1191 comparationem
950 1105 1040 1171 inter
1074 1096 1125 1170 ἐπί
1159 1125 1186 1172 o.
1223 1125 1302 1193 gen.
1339 1109 1373 1171 et
1407 1095 1461 1170 ἐπί

317 1245 344 1291 o.
370 1224 439 1290 dat.
465 1221 527 1289 sub
551 1223 588 1289 Β.

361 1346 391 1411 2.
438 1343 616 1410 Indioatur
653 1344 793 1429 vicinia,
830 1346 887 1412 sed
925 1346 960 1412 in
995 1347 1067 1412 sola
1091 1346 1162 1413 fere
1185 1346 1356 1414 locutione
1380 1343 1459 1413 τάπὶ

317 1465 448 1565 Θρακης
487 1468 596 1564 χωρία
631 1470 708 1537 Pac.
745 1469 811 1538 283
836 1503 877 1528 --
902 1469 980 1538 τάπὶ
1020 1465 1152 1566 Θρᾲκης
1187 1474 1285 1560 Vesp.
1321 1472 1458 1559 289111,

316 1595 376 1661 Αν.
401 1593 490 1660 1369
507 1625 547 1650 z
565 1592 715 1659 coloniae
739 1593 776 1658 in
801 1593 924 1660 linibus
949 1594 1130 1675 Thraciae,
1155 1637 1199 1643 —
1222 1596 1257 1661 in
1274 1616 1334 1662 ora
1349 1594 1459 1661 Thra-

316 1719 403 1801 cica;
428 1717 470 1784 ol.
495 1707 545 1780 ἐπὶ
573 1708 706 1808 Θρᾴκης
731 1711 813 1779 Aah.
838 1713 923 1799 602,
947 1715 1022 1802 Lys
1048 1714 1123 1782 103.

361 1837 503 1904 Praeter
533 1838 621 1903 hano
654 1836 858 1903 locutionem
891 1855 999 1922 pauca
1031 1841 1167 1902 tantum
1191 1836 1334 1923 vestigia
1357 1835 1458 1901 huius

315 1980 397 2027 usus
421 1959 663 2025 inveniuntur:
688 1955 747 2021 Th.
774 1954 879 2022 693T
908 1943 979 2021 αλλ’
1007 1951 1118 2023 ἐνθάδ’
1146 1954 1197 2023 ἐπὶ
1224 1961 1290 2024 τῶν
1306 1954 1459 2051 μηρίων]

314 2082 440 2178 πληγὲν
471 2081 622 2177 μαχαίρᾳ
649 2079 730 2174 sipia
763 2102 890 2169 «prope
919 2084 973 2151 vel
996 2105 1098 2172 super
1122 2086 1282 2152 femora».
1320 2084 1383 2151 Αν.
1413 2082 1456 2150 [11

315 2211 460 2281 ἐπὶτῶν
489 2210 585 2279 δικῶν
613 2206 750 2303 anaor,
775 2210 868 2298 quod
897 2211 1029 2278 dictum
1062 2218 1115 2279 est
1149 2218 1305 2301 respectu
1338 2232 1459 2278 versus
1489 2242 1494 2249 ·

315 2343 554 2431 praecedentis
577 2341 622 2407 40
646 2337 700 2406 ἐπί
727 2341 793 2405 τῶν
821 2333 951 2431 κραδῶν
972 2333 1098 2430 ᾃδοοσι.
1135 2339 1292 2407 Conlerri
1315 2347 1459 2427 possunt

315 2467 368 2537 ἐπὶ
395 2464 571 2563 μαρτύριον
600 2475 658 2560 (2
675 2462 851 2563 propropter
885 2463 1046 2558 ἐναντίον)
1070 2470 1146 2535 sim.
1171 2470 1261 2556 apud
1286 2456 1474 2551 oratores(

314 2594 366 2666 ἐπ’
385 2596 558 2692 ἐκκλησίας
582 2598 685 2664 Thoe.
711 2596 750 2664 8:
775 2595 837 2680 81,
862 2585 913 2661 ἐπὶ
930 2597 988 2660 τοῦ
1006 2592 1215 2691 δικαστηρίου
1249 2595 1290 2661 ls.
1316 2596 1354 2661 5:
1378 2593 1397 2659 l
1417 2593 1456 2681 ¹).

313 2729 388 2796 Hno
422 2729 526 2795 etiarn
561 2725 689 2792 referre
724 2724 823 2790 veliin
858 2715 909 2790 ἐπὶ
936 2729 1108 2819 στρατιᾶς,
1143 2731 1182 2792 ut
1213 2745 1275 2791 nos
1313 2723 1459 2789 dicimus

317 2854 379 2941 ibij
406 2856 465 2921 het
487 2855 612 2943 leger».
661 2847 735 2921 ’Eoi
771 2856 925 2946 στρατιᾶς
959 2854 1114 2921 absolute
1137 2853 1286 2941 positum
1309 2849 1460 2917 ooourrit

315 2983 412 3070 Vesp.
437 2980 557 3066 35411,
581 2981 647 3048 557
666 3002 706 3048 n:
729 2972 780 3046 ἐπὶ
811 2985 965 3077 στρατιᾶς
992 2970 1135 3055 οἷπίντας
1158 2983 1232 3069 Lys
1258 2978 1334 3046 100.
1381 2969 1460 3043 Ἐπί

313 3124 340 3170 o.
365 3124 460 3192 gen,
486 3103 576 3169 utin
593 3103 859 3188 haolooutione,
885 3127 986 3194 saepe
1010 3127 1135 3193 parurn
1158 3108 1218 3171 aut
1240 3100 1324 3169 nihil
1340 3098 1460 3167 differt

313 3217 559 3294 whom.

356 3349 387 3415 3.
427 3346 540 3413 Semel
576 3349 712 3412 tanturn
747 3347 949 3436 designatur
985 3353 1099 3416 motus
1120 3347 1164 3414 ad
1187 3345 1331 3435 aliquid:
1364 3341 1456 3408 Eool.

312 3469 378 3536 496
396 3490 431 3535 nr
455 3461 525 3534 ἀλλ’
560 3465 610 3532 εἴα
642 3462 729 3561 δεῦρ’
764 3459 815 3534 ἐπὶ
842 3470 959 3546 σκιᾶςί
980 3461 1124 3536 διδοῦσα
1151 3458 1232 3561 πρδς
1260 3456 1295 3532 nl
1321 3461 1455 3557 τειχίον.

312 3596 400 3663 Nam
426 3595 486 3685 Eq.
512 3593 600 3661 1312
615 3616 639 3662 n
662 3586 693 3670 ἐς
719 3586 755 3662 τδ
783 3589 923 3690 Θησεῖον
939 3584 1105 3673 πλεοιίσας
1132 3595 1155 3690 ἢ
1182 3594 1225 3663 ’πὶ
1239 3599 1304 3663 τῶν
1320 3596 1455 3681 σεμνῶν

311 3720 400 3790 θεῶν
436 3721 558 3789 melius
593 3721 727 3790 videtur
773 3723 910 3813 ellipsin
946 3732 1096 3793 statuere
1130 3724 1313 3792 accusativi
1350 3713 1455 3816 ἱερόν,

312 3852 365 3942 (of.
390 3843 422 3917 ἐκ
444 3850 475 3916 Ι;
500 3845 538 3935 1,
564 3837 595 3924 ἐς
617 3849 645 3917 l:
671 3849 728 3936 lo,
753 3841 783 3914 ἐν
809 3850 840 3916 Ι;
865 3850 918 3937 2),
942 3851 1059 3939 Blayd.
1082 3851 1126 3917 ad
1149 3849 1210 3916 Th.
1235 3847 1289 3916 83.
1330 3847 1458 3926 Quam-

348 4196 369 4263 l)
397 4193 442 4249 Fr.
471 4195 535 4247 260:
564 4193 697 4258 „Pholius
725 4213 750 4264 p.
775 4194 834 4246 451.
856 4193 904 4245 13:
924 4193 1048 4266 Πρόδικον
1071 4193 1160 4253 allani:
1181 4195 1228 4252 τὴν
1250 4194 1290 4247 ἐπὶ
1312 4193 1387 4267 φίλων
1410 4193 1455 4247 καὶ

311 4291 479 4357 ,διαιτητῶν
523 4292 551 4347 Ἀ
596 4296 744 4366 Κενταύρῳὶ
775 4290 825 4364 ἐγὼ
855 4290 924 4365 γὰρ,
956 4290 979 4346 εἴ
1009 4313 1035 4346 τι
1064 4286 1088 4346 α’
1113 4286 1234 4358 ήδίκηκ,
1258 4290 1337 4347 {belo
1360 4290 1435 4350 δίκην
1445 4294 1456 4359 ί

311 4390 419 4454 ,δοῦναι
438 4390 562 4463 πρόδικον
583 4392 607 4445 ἐν
628 4398 678 4445 τῶν
699 4389 778 4463 φίλων
800 4398 849 4442 τῶν
871 4397 922 4443 σῶν
944 4390 992 4444 ἑνί.
1031 4387 1076 4441 Ita
1094 4387 1236 4442 Porsonus.
1265 4387 1355 4441 Codex
1373 4387 1397 4442 εἴ
1416 4411 1457 4450 τις

312 4489 343 4553 „l
367 4488 425 4548 δίκη
449 4489 519 4543 &ilo
542 4513 575 4521 ·-
596 4489 621 4543 ἓν
643 4495 692 4542 τῶν
712 4483 767 4558 (vel
785 4484 834 4555 τῶ)
854 4487 929 4560 φίλων
949 4510 981 4518 -
998 4485 1045 4542 ἔνι.
1065 4512 1099 4518 ·-
1116 4489 1156 4542 ἐπὶ
1178 4496 1228 4541 τῶν
1245 4489 1320 4561 φίλων
1335 4494 1385 4541 τῶν
1401 4495 1453 4541 σῶν

312 4586 397 4648 ‚aaa
414 4583 531 4638 Cobetus
550 4583 651 4636 Mnem.
671 4581 723 4643 vol,
743 4584 757 4633 5
777 4601 802 4652 p.
822 4581 900 4635 193?
938 4581 1008 4639 Vide
1026 4583 1108 4637 eiiam
1126 4582 1222 4655 Blayd.
1241 4583 1273 4638 fr.
1293 4585 1352 4638 275.
