3240 5212
705 445 708 450 ,
794 374 815 441 8

280 568 377 646 Quod
412 570 455 636 ad
489 571 572 636 artis
606 570 839 636 arithmeticae
873 569 1006 657 regulas
1040 569 1219 636 redactum
1253 570 1373 637 eflicit:

238 690 428 775 23:122.
475 691 679 779 Frequentia
713 692 971 778 praepositionis
995 687 1058 755 ὑπό
1090 712 1116 757 c.
1141 711 1219 778 gen.
1247 689 1376 778 signiti-
1452 697 1455 701 ’

237 812 362 879 cationi
386 812 509 879 causali
533 812 714 879 tribuenda
737 817 804 879 est:
829 813 878 879 vis
902 813 1064 900 primaria
1086 811 1200 879 localis
1216 811 1376 900 genetivo

236 957 304 1003 non
328 938 463 1024 saepius
486 943 649 1022 servatur,
667 959 770 1026 quarn
786 938 900 1005 dativo
916 943 951 1005 et
966 938 1164 1006 accusativo.
1193 936 1377 1004 Genetivus

237 1063 367 1126 ceteros
393 1080 490 1126 casus
513 1060 613 1149 longe
630 1064 769 1148 superat
783 1060 872 1146 apud
894 1060 1164 1147 praepositiones
1181 1054 1280 1148 μετά,
1297 1055 1377 1150 ὑπό,

238 1184 335 1278 περί,
372 1186 432 1253 sed
469 1188 559 1253 cedit
594 1187 707 1254 dativo
742 1191 778 1253 et
801 1187 910 1274 magis
941 1187 1045 1253 etiam
1075 1187 1266 1255 accusativo
1289 1187 1378 1273 apud

239 1311 341 1408 πρός,
371 1313 435 1381 ἐπί.
499 1313 577 1381 Sola
608 1314 813 1402 praepositio
837 1309 929 1408 παρά
952 1320 1097 1403 aequato
1131 1315 1202 1380 iere
1234 1333 1379 1392 numero

239 1458 335 1505 casus
359 1458 438 1505 suos
461 1436 606 1504 exhibet.

391 1692 410 1791 t
439 1692 473 1772 2.
526 1690 578 1771 De
606 1689 858 1770 collocatione
884 1688 1229 1790 praepositionum.

266 1914 311 1992 1.
360 1915 614 1983 Particulae
638 1919 680 1981 et
703 1914 817 1980 aliae
850 1934 989 1991 voces,
1014 1913 1175 2002 quibus
1198 1934 1380 2002 praepo-

240 2041 339 2108 sitio
363 2062 383 2106 a
406 2061 510 2107 casu
535 2060 612 2107 suo
636 2043 887 2126 separatur.

283 2164 519 2232 Tractabimus
550 2168 685 2232 tantum
718 2184 775 2230 eos
799 2164 907 2248 locoS,
943 2163 1001 2230 ubi
1025 2164 1231 2252 praepositio
1255 2186 1275 2230 a
1299 2162 1380 2231 sub-

240 2290 387 2358 stantivo
412 2310 471 2357 suo
495 2310 623 2360 revera¹
640 2290 794 2356 seiuncta
819 2293 879 2356 est.
927 2288 1004 2355 Non
1026 2288 1148 2376 igitur:

282 2414 341 2482 ubi
376 2414 628 2481 substantivum
662 2415 780 2481 statim
818 2413 1062 2500 praepositioni
1096 2412 1277 2492 subicitur,
1321 2414 1381 2480 sed

239 2539 445 2608 attributum
468 2539 672 2606 substantivi
697 2539 739 2606 ab
763 2539 828 2605 hoc
850 2539 923 2626 ipso
947 2557 1015 2604 uno
1040 2539 1091 2605 vel
1112 2538 1266 2626 pluribus
1283 2559 1381 2605 voca-

239 2662 327 2728 bulis
363 2666 558 2748 separatur,
583 2661 675 2728 velut
703 2660 787 2727 Ach.
822 2659 886 2726 581
913 2657 976 2725 ὑπο
1011 2663 1068 2726 τοῦ
1107 2657 1199 2734 δέους
1226 2656 1287 2754 γὰρ
1315 2663 1381 2726 τῶν

242 2785 353 2856 ὅπλων
389 2784 533 2879 ἰλιγγιᾶν,
571 2789 643 2861 680
664 2814 687 2858 n
726 2787 791 2856 ὑπὸ
828 2786 1004 2855 νεανίσκων
1033 2788 1110 2856 ἐᾶτε
1136 2785 1383 2879 καταγελᾶσθαι

244 2915 406 3013 ῥητόρων.

284 3062 394 3129 neque
429 3039 489 3108 ubi
512 3059 719 3128 pronomen,
751 3039 824 3104 vice
856 3039 1044 3125 praedicati
1067 3038 1231 3126 fungens,
1256 3060 1276 3104 a
1300 3038 1381 3105 sub-

240 3162 387 3230 stantivo
411 3182 472 3229 suo
496 3164 703 3238 removetur,
720 3161 818 3226 sicuti
834 3159 911 3247 Lys.
929 3158 995 3226 754
1012 3159 1045 3234 ἐς
1058 3158 1121 3252 τὴν
1136 3162 1237 3253 κυνῆν
1252 3156 1383 3256 ἐσβᾶσα

243 3284 380 3382 ταύτην.

285 3398 396 3501 neque
418 3409 478 3478 ubi
503 3409 597 3477 varia
616 3429 743 3496 genera
758 3407 1005 3476 attributorum
1022 3409 1114 3498 (nam
1131 3410 1383 3478 substantivum

241 3560 320 3607 cum
355 3535 521 3604 attributo
556 3554 617 3601 suo
652 3535 688 3600 in
722 3554 825 3601 unam
863 3533 1036 3600 notionem
1073 3535 1262 3624 coalescit),
1297 3536 1387 3601 inter

243 3661 531 3753 praepositionem
554 3664 589 3726 et
604 3657 855 3725 substantivum
874 3658 1152 3745 interponuntur,
1171 3659 1263 3727 velut
1278 3660 1386 3726 adiec-

243 3785 316 3852 tiva
339 3782 421 3849 Ach.
443 3780 487 3846 25
510 3777 584 3873 περὶ
610 3774 745 3873 πρώτου
773 3773 886 3858 Ebirno,
912 3779 1101 3845 numeralia
1116 3779 1178 3866 Eq.
1199 3778 1266 3846 546
1287 3801 1310 3845 n
1334 3776 1387 3871 ἐφ’

244 3907 360 3978 ἕνδεκα
387 3887 533 3999 κώπαις,
557 3907 718 3975 adverbia
733 3906 818 3973 Ach.
832 3904 899 3972 378
923 3901 976 3972 διὰ
990 3903 1052 3997 τὴν
1066 3904 1185 4000 πέρυσι
1199 3904 1386 3999 κωμῳδίαν,

245 4039 388 4131 genitivi
423 4036 616 4105 attributivi
650 4034 714 4102 Αν.
738 4033 828 4101 1351
859 4033 893 4100 ἐν
920 4039 990 4109 ταῖς
1018 4038 1084 4101 τῶν
1113 4031 1288 4130 πελαργῶν
1316 4031 1387 4131 κυρ-

247 4163 357 4263 βεσιν,
382 4184 449 4253 quo
473 4163 623 4252 pertinet
646 4181 780 4251 quoque
804 4162 912 4228 rarior
928 4162 1019 4250 apud
1040 4170 1195 4230 nostrum
1212 4163 1387 4232 collocatio

245 4294 345 4382 Vesp.
382 4291 445 4358 141
483 4286 566 4357 κατὰ
593 4293 654 4383 τῆς
680 4286 803 4356 πυέλου
830 4287 867 4356 το
894 4293 1026 4383 τρῆμα,
1052 4311 1139 4378 quae
1167 4292 1280 4358 minus
1309 4312 1388 4357 rara

245 4425 312 4498 est,
337 4419 396 4487 ubi
419 4419 597 4509 genetivus
620 4424 672 4485 est
696 4417 895 4505 partitivus,
926 4417 1026 4485 sicuti
1049 4419 1134 4484 Rau.
1160 4416 1225 4484 719
1245 4439 1268 4485 n
1293 4416 1326 4493 ἔς
1352 4441 1389 4485 τε

248 4551 315 4614 τῶν
342 4542 484 4613 πολιτῶν
512 4542 587 4620 τοὺς
613 4539 732 4619 καλούς
758 4566 793 4610 τε
820 4538 1005 4635 κάγαθούς,
1030 4544 1129 4632 Vesp.
1155 4543 1229 4610 705.
