3240 5212
787 424 831 492 36

283 624 313 691 4.
362 624 512 712 Denique
547 613 628 718 ὑπέρ
655 647 740 699 τινος
764 625 896 692 duobus
919 626 1031 692 verbis
1055 625 1214 692 affectum
1244 625 1378 715 signifi·

237 751 393 818 cantibus
416 753 570 820 additur:
596 750 799 820 δεδιέναι-
825 753 963 818 «timere
986 753 1127 819 alicuir:
1151 753 1223 819 Rau
1239 751 1328 818 1200
1344 773 1378 817 m

237 877 288 945 καὶ
315 874 434 973 δέδοιχ’
461 868 543 974 ὑπὲρ
571 878 692 973 αὐτοῦ,
723 882 765 950 ct.
789 878 864 973 περί
887 899 913 946 ο.
940 899 1019 967 gen.
1046 878 1086 963 5,
1122 899 1148 945 c.
1173 880 1240 946 dat.
1265 879 1310 961 H,
1336 879 1379 946 de

237 1005 373 1074 δεδιέναι
399 1007 474 1103 περί
498 1032 600 1102 τινος,
632 1052 677 1060 -
706 1007 781 1104 περί
806 1030 876 1074 τινι.
906 1004 1128 1073 -Verbum
1153 1006 1299 1072 alterum
1327 1008 1381 1070 est

239 1131 407 1230 ἄχθεσθαι
445 1177 486 1186 -
522 1139 739 1206 «discruciari
775 1141 915 1224 propter
949 1133 1135 1220 aliquema:
1169 1131 1237 1218 Lys
1261 1129 1305 1196 10
1328 1126 1380 1195 καὶ

236 1255 327 1330 πόλλ’
353 1254 434 1358 ὑπὲρ
462 1265 561 1358 ἡμῶν
589 1269 656 1331 τῶν
685 1266 846 1357 γυναικῶν
875 1255 1072 1354 ἄχθομαψ
1100 1256 1172 1350 ὁτιὴ
1198 1254 1288 1351 παρὰ
1313 1263 1379 1332 τοῖς

237 1382 391 1488 οἷνδροίοιν
420 1381 679 1483 νονομίομεδαί
706 1393 786 1460 εἶναι
812 1393 1006 1484 πανοῦργοι,
1036 1387 1080 1458 cf.
1094 1385 1168 1481 περί
1191 1407 1216 1453 c.
1242 1407 1321 1475 gen.
1343 1385 1379 1470 5,

237 1521 298 1589 ubi
332 1522 403 1589 fere
426 1522 546 1589 codem
573 1542 673 1589 seusu
698 1521 899 1589 habebimus
924 1512 1079 1610 &ridebat
1101 1514 1177 1610 περί
1202 1536 1297 1588 τινος.
1340 1513 1379 1579 In

238 1642 290 1709 his
324 1642 429 1731 igitur
459 1643 665 1731 significatio
688 1642 835 1730 volgaris
861 1640 1125 1729 «proaliquo»,
1152 1638 1206 1704 «in
1231 1636 1379 1725 gratiam

237 1768 419 1852 alicuius»,
463 1773 640 1836 attenuata
672 1768 783 1835 induit
819 1767 992 1838 notionem
1029 1769 1231 1853 «propter»,
1270 1760 1380 1849 «quod

238 1894 360 1961 attinet
385 1892 507 1981 ad».1·>
533 1918 536 1924 ·
1074 1901 1077 1907 ·

282 2018 318 2083 Β.
364 2017 466 2085 Cum
492 2020 756 2085 accusativo.

281 2142 305 2208 I.
352 2143 411 2210 Vis
434 2142 547 2209 localis
570 2142 673 2209 semel
696 2147 833 2209 tantum
854 2141 1013 2218 occurrit,
1029 2116 1131 2229 idque
1146 2139 1183 2205 in
1198 2138 1269 2205 loco
1286 2135 1379 2202 haud

238 2266 342 2334 dubie
367 2267 483 2352 spurio
505 2266 541 2356 ²).

283 2388 323 2454 H.
370 2388 501 2456 Unicus
536 2388 632 2455 locus
666 2388 789 2477 igitur,
824 2388 884 2455 ubi
914 2377 993 2481 ὑπέρ
1018 2387 1106 2476 regit
1129 2384 1379 2466 accusativum,

240 2515 438 2603 etquidem
462 2535 564 2582 sensu
587 2515 769 2592 translate,
795 2513 1082 2582 estEccl.1025:
1108 2502 1179 2580 atu
1207 2507 1378 2606 οδκύριυςρ

239 2631 319 2737 ὑπὲρ
349 2634 501 2731 μέδιμνόν
527 2634 591 2708 ἐστ’
621 2631 707 2736 οἷνὴρ
735 2639 839 2718 οὐδεὶς
863 2641 981 2714 inse.
1008 2628 1220 2739 συμβάλλειν.
1269 2640 1378 2727 Saepe

238 2772 302 2839 hoc
325 2771 520 2861 significatu
561 2779 747 2861 usurpatur
781 2771 865 2866 πέρα
894 2770 1069 2864 μεδίμνου,
1094 2771 1178 2860 {vide
1212 2770 1320 2838 Schol.
1346 2775 1380 2834 et

237 2894 352 2981 Blayd.
392 2894 434 2960 ad
468 2894 501 2961 h.
537 2895 576 2972 l.,
612 2895 702 2983 quod
726 2899 845 2962 tamen
881 2896 972 2983 apud
1008 2894 1272 2982 Aristophanem
1310 2910 1379 2957 uon

237 3018 419 3085 invenitur.

645 3287 647 3292 ’
706 3292 740 3359 5.
794 3286 851 3357 ΩΣ
877 3284 914 3373 ³).

282 3498 414 3565 Motum
444 3498 573 3565 indicat
604 3519 722 3566 versus
746 3499 909 3589 aliquem,
935 3520 1069 3587 semper
1093 3520 1218 3588 regens
1241 3519 1378 3566 accusa·

237 3623 347 3690 tivum
390 3622 612 3710 personalem.
664 3622 738 3699 Quo
781 3645 884 3691 sensu
922 3625 1007 3691 haec
1046 3625 1250 3713 praepositio
1289 3623 1378 3711 apud

244 3818 450 3826 ——--—-—-—ae

277 3967 296 4033 ¹)
315 3963 406 4018 Verbo
417 3968 527 4037 tangere
540 3964 653 4019 sufficiet
666 3963 884 4037 dittographiam,
898 3960 965 4036 q'uae
978 3966 1006 4021 in
1019 3966 1155 4022 codicibus
1165 3970 1240 4021 extat
1249 3967 1317 4021 Aah.
1328 3969 1378 4021 015

236 4060 300 4136 ὑπὲρ
321 4062 427 4134 ἐράνου,
448 4059 494 4114 ubi
514 4059 602 4115 Bentl.
621 4058 664 4117 ὑπ’
685 4064 775 4136 ἐράνου
794 4061 921 4116 restituit.

274 4158 302 4226 ²)
321 4156 393 4211 Rau.
421 4157 490 4210 1438
520 4155 543 4208 Τ
570 4156 593 4212 εἴ
620 4181 657 4222 τις
684 4163 816 4234 πτερώσας
843 4157 994 4232 Κλεόκριτον
1023 4154 1154 4233 Kranaia!
1181 4157 1275 4231 αἴροιεν
1303 4154 1381 4232 αὖραι

237 4253 364 4327 πελαγίαν
393 4254 456 4328 ὑπὲρ
484 4254 572 4309 πλάκα
600 4258 649 4309 cet.
686 4254 831 4309 Manifesta
858 4253 1042 4326 interpolatio,
1068 4252 1130 4308 vido
1148 4253 1334 4308 Aristarchum
1354 4259 1381 4309 et

238 4343 410 4415 Apollonium
439 4343 510 4415 apud
534 4343 621 4398 Schol.
640 4344 675 4398 ad
693 4346 776 4407 1437,
795 4344 953 4414 quibuscum
972 4362 1064 4399 omnes
1082 4345 1138 4399 fere
1156 4344 1280 4399 hodierni
1298 4345 1379 4398 inter·

238 4436 326 4504 protos
346 4433 524 4487 consentiunt.

274 4525 297 4586 3)
316 4524 370 4578 Cur
392 4524 545 4579 Dindorfius
564 4524 636 4580 Plut.
656 4528 689 4580 32
709 4545 768 4581 cum
787 4527 847 4582 aliis
865 4527 1002 4583 codicibus
1021 4526 1133 4583 ediderit
1151 4530 1259 4604 ᾠχόμην
1282 4531 1315 4592 ὡς
1335 4529 1379 4585 τὸν

238 4621 318 4690 θεὸν,
346 4639 401 4676 non
425 4621 554 4692 intelligo.
591 4623 736 4677 Ravennas
754 4624 780 4678 h.
800 4624 917 4694 haeque
935 4643 965 4679 ae
984 4643 1049 4680 vrss.
1069 4626 1134 4690 823,
1155 4627 1220 4688 827,
1240 4627 1306 4696 840,
1327 4627 1378 4683 844
