3240 5212
673 391 753 472 'tlt

152 604 360 701 ἁρμαμαξῶν
389 600 572 695 μαλθακῶς
599 602 823 694 κατακείμενοι
840 605 882 671 cf.
901 604 962 692 nq.
979 603 1063 688 968,
1083 604 1167 671 Plut.
1187 603 1294 688 110143

153 735 243 802 Ecul.
267 735 334 803 969
351 757 385 801 m
410 733 488 802 κάπὶ
513 739 575 828 τῆς
600 732 711 828 κλίνης
738 731 811 827 ὅφιν
835 775 884 782 --
903 727 1009 827 εὕροις
1026 733 1066 799 τί.
1081 733 1157 819 LyS.
1175 732 1294 812 575113

154 862 238 929 Nub.
262 863 329 931 818
353 862 429 931 οὑπὶ
455 869 516 958 τῆς
542 859 734 959 κρεμάθρας
762 861 907 958 ἀνήργοί.
925 863 1002 928 Pau.
1018 859 1101 938 896,
1121 861 1194 946 Lya
1211 857 1293 942 9233

154 989 240 1057 Nub.
276 991 365 1059 1598
401 992 473 1061 οὑπὶ
506 997 564 1060 τοῦ
591 992 705 1084 τέγους
729 993 768 1058 of.
793 993 893 1079 Vesp.
916 990 977 1068 68,
1001 988 1077 1075 LyS.
1102 987 1184 1065 389,
1209 986 1294 1070 395;

156 1115 230 1183 Pac.
256 1117 323 1186 458
347 1119 400 1187 ἐπὶ
426 1124 484 1189 τοῦ
511 1125 634 1216 τροχοῦ
660 1117 690 1212 γ’
718 1115 842 1186 ἕλκοιτο
870 1110 1132 1206 μαστιγούμενος
1155 1115 1194 1179 cf.
1218 1113 1295 1199 Lys.

154 1242 237 1329 846,
269 1246 357 1314 Plut.
383 1247 467 1334 8753
491 1250 570 1316 Pau.
595 1249 637 1316 81
663 1247 788 1342 αἴρεται
797 1245 809 1328 l
837 1236 975 1338 ίππηδδν
1004 1243 1037 1318 ές
1065 1234 1119 1309 τδν
1148 1236 1217 1335 ἀέρ’
1246 1237 1297 1307 έπλ

154 1375 211 1437 τοῦ
251 1360 419 1469 κανδοίρου
455 1377 497 1443 of.
524 1377 601 1463 Lys.
630 1375 690 1453 69,
715 1374 791 1441 783.
817 1414 859 1423 -
883 1375 959 1462 Lys.
983 1372 1050 1439 568
1067 1394 1089 1437 n
1115 1368 1167 1464 ἐφ’
1195 1369 1295 1438 ίππου

155 1506 246 1568 reete
281 1509 455 1590 receptum
490 1509 543 1571 est
576 1501 741 1595 (ἔφιππον
779 1502 842 1592 tn,
876 1499 928 1593 ἐφ’
964 1497 1061 1568 ίππον
1100 1499 1215 1595 Aug.7
1244 1495 1297 1593 ἐρ’

155 1625 246 1720 ίππιρ
271 1628 381 1696 Schol.
407 1629 499 1697 Pluti
522 1629 608 1715 487).
657 1631 735 1718 Lys.
760 1629 827 1696 679
843 1651 865 1695 n
890 1626 928 1702 ἃς
955 1622 1068 1696 Μίκων
1089 1623 1224 1723 ἔγραψ’,
1244 1625 1298 1721 ἐφ’

154 1753 263 1822 ίπτων
306 1755 501 1849 μαχομένας
542 1763 609 1832 τοῖς
650 1743 804 1852 ἀνδροίσιν
840 1756 933 1846 (Cob.
967 1752 1041 1849 ἄρ’,
1076 1757 1154 1824 vide
1178 1762 1298 1824 tamen

155 1885 273 1972 Blayd.
298 1885 340 1950 ad
364 1884 397 1951 h.
421 1886 478 1972 l.);
503 1887 587 1952 Ran.
611 1886 656 1953 58
682 1883 733 1953 ἐπὶ
760 1890 821 1979 τῆς
844 1883 928 1960 νεὼς
949 1882 1223 1977 ἀναγιγνώσκοντί
1242 1909 1298 1976 μοι

156 2011 197 2077 cf.
233 2011 310 2078 Pac.
347 2011 415 2078 699
432 2011 473 2089 L;
509 2013 563 2080 Fr.
600 2013 645 2081 49
681 2013 887 2104 ὀπτωμέναις
927 2013 1095 2108 κόγχαισιν
1137 2013 1190 2082 ἐπὶ
1229 2019 1295 2082 τῶν

158 2124 332 2233 ἀνδροίκων
357 2138 397 2204 cf.
423 2136 490 2205 185
505 2161 539 2221 a,
564 2140 656 2208 locus
680 2144 878 2231 ceteroquin
903 2150 1084 2230 corruptus
1105 2143 1145 2231 ¹);
1161 2143 1216 2210 Fr.
1232 2142 1298 2210 188

157 2265 210 2334 ἐπὶ
246 2266 291 2355 (v.
328 2268 347 2332 l.
385 2261 435 2358 ἐκ)
463 2270 521 2333 τοῦ
547 2266 748 2364 περιδρόμου
776 2273 884 2337 στᾶσα
911 2272 968 2346 τῆς
996 2268 1151 2346 Ξυνοικίας
1175 2281 1209 2338 et
1232 2270 1300 2338 874

158 2392 229 2463 ἀλλ’
258 2390 371 2492 ὥσπερ
400 2380 541 2489 λίχνοςί
568 2395 747 2487 ὁμοιότατα
771 2385 938 2466 καθεύδετ
958 2397 1010 2466 ἐπὶ
1034 2402 1093 2465 τοῦ
1115 2396 1298 2491 λυχνιδίου,

158 2521 260 2586 etiam
296 2520 362 2587 huc
398 2520 580 2586 referenda
611 2527 706 2589 sunt:
732 2522 790 2589 sed
815 2524 923 2590 altero
946 2523 1035 2600 locu,
1060 2523 1151 2611 quod
1174 2524 1301 2589 attinet

158 2645 201 2711 ad
226 2665 380 2727 servum,
406 2645 623 2733 signitioatio,
648 2647 690 2712 sle
706 2668 774 2734 qua
790 2646 854 2714 sub
875 2647 912 2735 8)
929 2647 1097 2725 dicem,
1115 2647 1299 2728 invenitur,

160 2766 329 2832 «donnino
367 2766 411 2832 ad
445 2765 653 2832 lucernam».
689 2808 733 2815 —
769 2768 852 2834 Ran.
887 2768 992 2836 naun
1031 2767 1054 2861 ἢ
1084 2763 1125 2834 ’π’
1154 2765 1298 2835 ἀσπίδων

159 2889 318 2972 ἐπόντας]
353 2890 556 2986 γρυπαέτους
590 2879 823 2986 χαλκηλοίτους
859 2896 899 2962 cf.
939 2895 1025 2964 Nub.
1050 2895 1139 2962 1176
1163 2892 1216 2962 έπλ
1241 2898 1299 2962 τοῦ

158 3016 341 3114 προσώπου
381 3018 407 3086 τ’
443 3017 528 3087 ἐστὶν
556 3012 689 3088 Ἀττικὸν
730 2996 861 3118 βλέπος.
907 3021 1035 3088 Eadem
1072 3023 1217 3112 donique
1253 3025 1302 3089 vis

159 3125 419 3236 plaepositionis
455 3147 509 3215 ε’πί
542 3170 570 3216 ο.
606 3170 683 3238 gon.
721 3151 895 3217 observari
932 3155 1046 3237 potest
1072 3149 1159 3216 Eccl.
1184 3149 1250 3217 756
1272 3148 1304 3216 τί

159 3271 227 3347 δῆτ’
269 3273 321 3343 ἐπὶ
363 3275 496 3371 στοίχου
537 3270 615 3345 ’στἰν
658 3273 780 3370 οὕτως,
815 3284 855 3346 ut
889 3284 924 3345 et
957 3299 1019 3344 nos
1055 3279 1199 3346 dicimus
1236 3300 1299 3368 «op

161 3421 247 3468 eone
269 3401 360 3488 lijn».

204 3523 317 3593 Semel
352 3534 539 3615 usurpatur
574 3527 615 3594 de
650 3536 748 3614 parto
784 3526 953 3614 corporis,
988 3526 1024 3591 in
1054 3548 1121 3614 qua
1144 3527 1299 3594 sedetur:

162 3648 245 3715 Aah.
269 3647 336 3715 638
360 3644 458 3723 εὐθὺς
486 3646 538 3715 διοὶ
560 3645 635 3723 τοὺς
659 3633 842 3740 στεμοίνους
861 3645 910 3715 ἐπ’
930 3641 1038 3740 ἄκρων
1057 3651 1123 3714 τῶν
1142 3646 1298 3739 πυγιδίων

161 3761 352 3868 έκοίδησθε,
388 3798 455 3865 quo
499 3798 576 3844 oum
611 3777 683 3844 loco
718 3779 877 3865 componi
902 3782 1027 3864 potest,
1052 3777 1080 3843 si
1103 3776 1303 3865 Blaydesius

160 3911 252 3971 recte
288 3905 445 3972 coniecit:
475 3904 529 3970 Fr.
555 3904 656 3971 4690
679 3905 811 3992 (Blayd.
836 3906 875 3972 tr.
899 3904 981 3993 545)
1005 3903 1052 3979 τίς
1079 3901 1115 3971 δὲ
1141 3904 1186 3979 εἷς
1213 3888 1303 3996 ἐγγί-

161 4229 258 4284 nostris
286 4230 381 4285 culinis
408 4232 497 4286 videro
525 4231 622 4304 possiS,
650 4251 704 4286 non
731 4231 839 4303 paxillis
857 4231 1015 4303 alligantur,
1036 4233 1082 4287 sed
1101 4251 1191 4303 margo
1211 4252 1301 4287 eorum

161 4319 281 4390 superior
299 4320 398 4390 paxillo
417 4321 468 4375 niti
488 4320 570 4384 solut,
590 4321 627 4374 ita
646 4326 677 4375 ut
696 4321 772 4390 quasi
791 4321 932 4376 adhaerere
951 4323 1092 4376 viduantur
1111 4322 1214 4394 parieti.

201 4412 221 4477 ¹)
248 4409 292 4463 Fr.
321 4411 372 4462 469
386 4409 412 4463 d.
444 4409 538 4464 Dina:
568 4409 618 4473 „ad
646 4410 714 4464 hano
741 4409 858 4464 fabulam
886 4411 997 4465 fortasse
1025 4411 1179 4465 referendus
1208 4412 1304 4466 Dionis

162 4503 273 4575 „Chryn
301 4502 375 4557 locus
402 4503 453 4559 vol.
483 4507 498 4558 8
526 4524 551 4575 p.
580 4506 622 4558 31.
659 4500 724 4561 Ἀλλ’
745 4506 845 4580 ’ὁμωςδ
876 4507 984 4581 κωμικὸς
1013 4509 1057 4562 καὶ
1079 4515 1169 4563 τοῦτον
1191 4509 1305 4564 ἐκέλευσε

162 4606 327 4657 »κατακαίειν
348 4603 390 4657 ἐπὶ
411 4605 526 4677 φαλήτων
550 4608 658 4658 συκίνων
681 4597 847 4659 annullans.
