3240 5212
831 401 899 473 110

337 634 362 677 c.
399 607 474 696 Lys.
493 606 559 675 860
580 602 683 701 λῆρός
697 606 764 674 ἐστι
779 604 884 674 τᾶλλα
898 598 979 703 πρὸς
993 601 1175 700 Κινησίαν,
1200 606 1289 673 Eccl.
1303 605 1370 674 969
1384 628 1430 690 m,

293 733 320 799 F
321 755 347 799 r.
372 730 448 797 413.
495 730 621 796 Eadem
648 732 695 796 vis
718 731 860 797 tortasse
889 731 1132 819 praepositioni
1155 730 1359 796 vindicanda
1382 734 1452 796 est-

294 856 348 921 Fr.
378 852 443 921 180
475 836 729 945 καταπυγοσύνη
763 848 853 919 ταῦτ’
881 851 950 919 ἐστὶ
977 844 1058 947 πρὸς
1084 851 1181 947 κρέας
1209 850 1312 942 μέγα,
1344 872 1434 940 quae

295 979 330 1042 in
353 975 635 1063 interpretatione
659 976 781 1041 Latina
805 977 896 1043 edita
920 976 1011 1063 apud
1026 976 1137 1042 Didot.
1156 975 1348 1041 redduntur
1371 974 1434 1040 sic:

296 1100 533 1167 «cinaedorum
572 1099 712 1165 deliciae
748 1105 843 1172 sunt,
879 1101 907 1166 si
942 1105 1185 1187 comparentur
1219 1119 1296 1165 oum
1331 1119 1434 1164 carne

295 1236 473 1304 «magna».
497 1215 605 1281 Locus
629 1216 711 1281 satis
734 1214 901 1283 obscurus
918 1221 985 1300 est,
1010 1216 1085 1283 vide
1101 1214 1217 1301 Blayd.
1236 1214 1279 1281 ad
1295 1214 1335 1280 fr.
1351 1212 1433 1280 437:

293 1339 398 1405 <clatet
422 1336 580 1403 obscoeni
603 1336 747 1425 aliquid,
772 1337 812 1404 cf.
839 1338 880 1402 ad
904 1337 964 1426 Eq.
984 1336 1060 1404 428.
1080 1337 1146 1404 Pro
1162 1327 1243 1430 πρὸς
1267 1356 1434 1424 reponen-

297 1466 396 1533 «dum
420 1465 533 1531 forsan
562 1459 646 1527 καί».

337 1592 367 1658 d.
408 1591 483 1658 Uno
507 1590 579 1657 loco
604 1577 684 1682 πρός
708 1587 937 1653 accusativum
962 1588 1055 1674 regit
1079 1587 1142 1670 rei,
1167 1587 1210 1653 ad
1234 1609 1337 1675 quam
1354 1568 1434 1674 qua-

293 1719 372 1789 litas
407 1717 574 1804 quaedam
610 1719 782 1804 pertrnere
816 1712 868 1777 vel
904 1712 1094 1779 conducere
1123 1713 1294 1798 cogitatur
1318 1713 1374 1801 (ct‘.
1399 1711 1434 1785 ἒς

292 1843 336 1908 ll:
362 1841 434 1930 3e):
460 1841 547 1908 Plut.
571 1839 633 1907 831
662 1839 743 1906 εἶναι
770 1836 912 1928 νομίζων
941 1835 1109 1932 χρήσιμον
1137 1829 1217 1932 πρὸς
1243 1830 1297 1905 τὸν
1326 1837 1406 1936 βίον.

338 1962 367 2029 7.
415 1960 564 2028 Subinde
591 1963 644 2039 id,
676 1962 719 2029 ad
747 1962 837 2050 quod
865 1963 952 2028 actio
977 1963 1138 2048 pertinet,
1164 1962 1334 2050 cogitatur
1358 1968 1434 2029 tan-

291 2105 395 2172 quam
418 2082 563 2170 aliquid,
591 2083 683 2171 quod
708 2083 941 2170 occupandum
966 2089 1018 2147 est
1042 2082 1099 2170 (cf.
1126 2080 1159 2156 ἐς
1183 2084 1229 2150 ll:
1254 2083 1326 2170 3ρ);
1345 2083 1432 2151 Nub.

291 2208 357 2275 170
380 2207 410 2274 τί
437 2205 492 2274 υῦν
520 2198 600 2302 πρὸς
627 2204 755 2300 τᾶλφιτ’
785 2205 1047 2302 ἐπαλαμήσαπυε
1073 2208 1133 2298 aq.
1152 2208 1235 2288 219,
1254 2207 1432 2287 Nubel&

291 2332 353 2397 'ln
377 2329 444 2398 586
463 2340 486 2398 t.
699 2345 701 2349 ’

217 2504 219 2508 ,
335 2447 387 2514 lll.
432 2447 518 2514 Cum
556 2467 620 2514 usu
655 2446 770 2521 locali,
810 2448 1017 2514 vicinitatem
1056 2447 1243 2530 indicante,
1284 2447 1324 2513 de
1364 2466 1432 2537 quo

291 2562 355 2628 sub
379 2563 410 2628 l:
435 2563 457 2630 4
481 2562 717 2651 exposuimus,
751 2564 942 2650 comparari
975 2568 1089 2650 potest
1112 2583 1193 2629 usus
1217 2565 1431 2651 temporalis,

291 2699 358 2767 quo
388 2679 598 2768 significatur
628 2685 763 2766 tempus
794 2680 940 2766 tempori
970 2679 1122 2764 proxime
1146 2678 1351 2764 praecedens
1375 2680 1431 2767 (cf.

290 2795 353 2867 ὑπό
377 2823 403 2867 c.
433 2822 501 2867 acc.
535 2800 594 2880 lll,
620 2798 697 2894 περί
720 2823 747 2870 c.
773 2822 839 2869 acc.
867 2791 1046 2894 111);πρός
1078 2796 1199 2894 ὄρθρον
1224 2800 1299 2887 Lys.
1325 2799 1430 2875 1089,

289 2926 463 3010 Ε661.80;
498 2917 579 3021 πρὸς
607 2923 653 2994 ἕω
681 2928 768 2994 Eccl.
794 2927 876 3009 3123
908 2919 989 3022 πρὸς
1018 2927 1161 3022 ἑσπέραν
1186 2928 1261 3014 Lys.
1287 2925 1362 2992 lna.
1387 2967 1431 2974 —-

289 3054 390 3141 Vesp.
426 3052 553 3121 108511
588 3055 665 3121 libri
701 3075 818 3121 omnes
851 3076 948 3122 casus
972 3056 1149 3123 exhibent:
1180 3045 1260 3150 πρὸς·
1287 3053 1430 3149 ἑσπέραν

290 3177 345 3260 V,
373 3170 454 3274 πρὸς
476 3179 618 3274 ἑσπέρας
646 3178 699 3260 R,
728 3171 809 3275 πρὸς
837 3180 963 3275 ἑσπέρα
987 3189 1066 3251 cett.
1097 3185 1194 3252 Ultro
1217 3185 1431 3273 intellegitur

290 3305 441 3390 primam
465 3303 645 3370 lectionem
671 3304 906 3391 recipiendam
931 3325 1011 3372 esse.

777 3582 810 3650 a
863 3576 948 3650 nui.
995 3558 997 3562 ’

333 3781 372 3847 Α.
419 3779 518 3848 Cum
549 3782 773 3869 genetivo.

332 3904 356 3971 l.
404 3897 480 3971 Ἐπί
502 3925 528 3970 o.
554 3924 630 3992 gen.
652 3904 847 3991 saepissime
864 3905 932 3970 vim
949 3905 1147 3993 primariam
1163 3906 1303 3973 localem
1319 3912 1430 3991 tenet,

287 4047 412 4114 nempe
435 4026 479 4093 67
503 4024 639 4115 ((1684)
664 4026 762 4105 locis,
787 4046 934 4115 quorum
959 4026 1059 4113 longe
1083 4027 1238 4116 plurimi:

333 4146 363 4214 1.
410 4149 561 4236 quietem
595 4146 748 4214 indicant
783 4167 888 4235 super
922 4148 1036 4237 aliqua
1071 4169 1108 4216 re
1131 4148 1164 4233 ¹):
1198 4149 1280 4216 Aen.
1307 4149 1350 4216 79
1374 4149 1426 4242 ἐφ’

293 4349 499 4356 .-..-—-..——.

325 4503 346 4570 ¹)
374 4499 455 4571 Vesp.
484 4501 534 4553 808
553 4501 624 4575 παρά
645 4501 687 4555 συὶ
709 4496 837 4575 κρεμήσετ’
859 4503 935 4576 ἐγγὺς
955 4503 997 4557 ἐπὶ
1017 4510 1063 4559 ταν
1084 4505 1235 4571 παττάλου,
1258 4504 1308 4560 ἀπὸ
1329 4502 1426 4567 Halb.,

289 4600 315 4652 ἐκ
343 4597 442 4668 Bergk.
469 4629 503 4636 —
530 4598 656 4652 Attamen
684 4599 726 4653 ἐπί
753 4596 860 4652 delendi
887 4603 986 4670 potest,
1015 4618 1077 4653 nam
1104 4599 1236 4654 eiusmodi
1256 4619 1330 4663 vasa,
1349 4606 1379 4657 ut
1397 4601 1425 4654 in
