3240 5212
858 365 902 432 88

313 568 520 637 sedentibus.
553 608 593 616 -
632 567 693 633 Av.
730 565 797 634 846
832 562 872 631 ob
907 562 942 631 δέ
975 561 1002 654 γ’
1038 561 1138 630 αὐτοῦ
1176 557 1308 652 μένωνῖ
1335 559 1460 651 οἴμωζε

311 694 387 791 παρ’
422 690 473 785 ἔμ’
505 696 573 764 huc
604 715 671 762 non
694 695 858 783 pertinet:
883 690 959 788 παρ’
987 691 1038 783 ἔμ’
1064 692 1195 759 dictum
1219 695 1273 757 est
1296 693 1459 777 respectu

312 825 400 892 illius
430 821 508 917 uup'
534 815 609 913 ἐμέ,
642 822 732 910 quod
763 822 936 910 praecedit
965 842 1013 888 vs.
1038 818 1105 887 845
1128 823 1164 885 51
1187 838 1265 885 cum
1288 815 1460 884 Brunchio

311 947 528 1015 reddendum
551 946 617 1013 erit
643 965 740 1011 «mea
762 964 883 1012 causa»
908 943 949 1010 51.
975 941 1089 1029 Blayd.
1113 940 1156 1007 ad
1181 939 1214 1006 h.
1240 939 1279 1023 l.,
1304 942 1339 1004 et
1354 937 1459 1015 Rau,

311 1069 369 1158 qui
392 1068 434 1134 de
457 1071 627 1155 potestate
646 1065 771 1132 causali
786 1063 1043 1153 praepositionis
1058 1047 1150 1156 ποίροι
1168 1082 1195 1129 5.
1213 1081 1281 1128 055.
1299 1057 1463 1126 disseruit

310 1209 341 1274 p.
374 1184 434 1264 82,
467 1186 484 1274 ᾗ
518 1185 576 1252 25:
613 1185 678 1251 nisi
712 1189 865 1272 praestat
898 1185 1056 1252 assentiri
1087 1185 1160 1252 viro
1184 1181 1369 1250 clarissimo
1392 1199 1458 1246 van

310 1308 536 1392 Herwerden‚
561 1307 620 1396 qui
643 1301 718 1400 παρ’
746 1300 798 1396 ἔμ’
816 1305 919 1373 habet
935 1326 997 1394 pro
1014 1303 1246 1394 dittographia
1263 1300 1459 1391 (Ravennas

311 1434 434 1523 aliique
466 1434 597 1501 codices
629 1440 664 1500 et
694 1454 742 1501 vs.
775 1431 842 1500 845
874 1437 910 1498 51
932 1452 979 1498 vs.
1005 1428 1072 1496 846
1096 1428 1261 1496 exhibent
1283 1422 1359 1520 παρ’
1382 1421 1459 1518 ἐμέ)

311 1565 497 1648 censetque
519 1558 704 1649 legendum
727 1581 801 1627 esse
825 1557 948 1648 οἴμωζε
974 1552 1077 1624 πόλλ’.

356 1679 466 1746 Aliter
488 1700 544 1746 res
568 1700 603 1747 se
628 1679 731 1748 habet
755 1680 886 1748 duobus
905 1680 1003 1759 10515,
1020 1678 1079 1746 11111
1095 1677 1301 1767 significatio
1323 1678 1458 1744 «iuxta»

310 1804 557 1893 praepositioni
581 1806 719 1873 minime
739 1806 901 1874 vindicari
917 1808 1045 1893 potest,
1063 1804 1123 1871 sed
1138 1803 1194 1870 ille
1210 1823 1329 1870 sensus
1346 1803 1461 1891 requi-

311 1930 415 2014 ritur,
441 1929 482 1995 de
506 1950 572 2018 quo
597 1929 659 1997 sub
685 1930 729 1996 B:
754 1929 775 1996 2
799 1930 963 2008 diximus,
988 1928 1057 1996 scil.
1076 1928 1129 1994 Fr.
1148 1926 1216 1995 388
1232 1932 1268 1994 51
1283 1925 1366 1994 Ach.
1383 1925 1461 1993 759.

311 2054 411 2120 Prior
444 2054 537 2121 locus
574 2060 670 2122 extat
699 2056 790 2144 apud
819 2055 1033 2122 Priscianum
1065 2052 1272 2121 scribentem
1297 2052 1347 2119 515
1371 2051 1464 2140 (vide,

311 2194 413 2263 porro
448 2175 546 2242 Dind.
582 2176 623 2243 fr.
660 2175 758 2265 388);
797 2176 923 2245 «Attici
958 2162 1047 2270 παρὰ
1067 2250 1069 2252 ,
1089 2174 1127 2242 σέ
1161 2195 1224 2263 pro
1259 2159 1349 2268 παρὰ
1387 2171 1457 2255 σοί,

315 2300 502 2388 «quomodo
526 2306 561 2368 et
585 2321 647 2368 nos
674 2303 786 2390 «apud
810 2308 875 2370 151.
918 2303 1166 2393 Aristophanes
1189 2297 1461 2396 [1011054011.

316 2426 483 2519 ((ποιηχει)
510 2432 645 2518 γυναῖκα
667 2425 703 2495 δὲ
722 2427 897 2523 ζητοῦντες
918 2426 976 2497 ἕνα
999 2428 1025 2498 δ’
1054 2431 1155 2520 οἷκον,
1184 2429 1251 2498 νυνὶ
1278 2423 1333 2523 ἐᾷς
1351 2428 1403 2497 ἵνα
1432 2430 1463 2497 εἷ

315 2540 424 2648 «cupi
452 2553 530 2633 σέ»,
557 2554 680 2643 quibus
699 2555 781 2624 Rau.
799 2577 830 2644 p.
848 2555 892 2624 63
909 2556 984 2625 iure
1000 2558 1095 2625 addit
1109 2558 1211 2625 haec:
1232 2578 1339 2647 «quae
1356 2557 1461 2625 verba

316 2684 594 2772 «corruptissima
618 2683 665 2751 515
683 2684 868 2751 emendare
884 2690 1026 2753 conatus
1041 2690 1094 2752 est
1110 2684 1307 2754 Dindorlius
1323 2689 1459 2775 γυναῖκα

315 2807 372 2878 «δὲ
412 2809 589 2903 ζητοῦντες
628 2793 736 2876 ἐνθάδ’
779 2806 923 2904 ἥκομεν,
966 2807 1007 2904 ἥν
1046 2833 1145 2903 φασιν
1183 2798 1380 2906 εἶναιπαρὰ
1410 2811 1459 2879 σέ.

314 2932 402 3000 «Sed
426 2954 447 2999 a
472 2953 607 3000 summo
631 2932 877 3020 elegantissimi
899 2934 1067 3000 sermonis
1091 2932 1197 3000 Attici
1220 2933 1350 3001 artifice
1366 2933 1460 3002 Aris-

315 3057 483 3145 ltophane
526 3057 638 3124 aliena
679 3077 753 3124 esse
792 3057 874 3124 haec
914 3056 1018 3125 verba
1058 3057 1268 3137 censuerim,
1308 3079 1390 3125 nam
1424 3064 1461 3126 et

315 3178 588 3266 «corruptissime
623 3178 751 3245 tradita
785 3182 868 3244 sunt
902 3184 935 3246 et
970 3178 1120 3246 tabidam
1144 3174 1283 3272 Ποίησιν
1308 3180 1462 3247 nonnulli

315 3298 552 3387 «grammatici
583 3296 626 3364 ab
658 3297 887 3386 Aristophane
918 3298 1202 3369 abiudicaverunt
1227 3308 1263 3368 et
1286 3299 1462 3388 Archippo

316 3424 563 3492 «tribuerunt».

357 3549 402 3616 Et
438 3549 564 3617 ibidem
598 3549 640 3615 de
663 3547 748 3616 Ach.
774 3548 854 3616 750:
894 3549 1034 3638 «Neque
1070 3570 1190 3617 vereor
1221 3549 1366 3638 ne‘quis
1389 3548 1463 3616 loeo

314 3671 418 3738 «Ach.
451 3669 516 3737 750
548 3692 629 3739 usus
662 3670 882 3759 Aristophani
908 3670 988 3737 talia
1013 3670 1199 3738 obtrudere
1222 3672 1366 3739 audeat:
1392 3674 1463 3745 πῶς

317 3797 464 3872 «6011ος
492 3793 607 3884 ὥνιος;
636 3798 726 3887 Meg.
751 3794 826 3891 παρ’
850 3794 917 3887 ἁμὲ
942 3794 1162 3886 πολυτίματος
1189 3793 1272 3891 ᾇπερ
1299 3794 1349 3863 τοὶ
1376 3794 1460 3864 beot.

317 3922 421 3989 «haec
456 3920 545 3987 enim
583 3919 687 3987 verba
721 3920 868 3987 hominis
898 3920 1059 4008 Megarici
1082 3924 1164 3988 sunt
1186 3919 1332 4009 agrestis
1356 3925 1460 4010 atque

317 4047 486 4114 (1111501111).

358 4171 389 4239 4.
439 4170 514 4239 Alia
546 4171 715 4260 quaedam
739 4171 924 4250 sententia,
949 4192 1053 4258 quam
1079 4170 1142 4237 sub
1166 4168 1220 4258 3),
1246 4168 1407 4248 eflicitur,
1433 4172 1462 4237 si

314 4317 368 4364 res
405 4296 511 4363 altera
549 4297 645 4363 iuxta
680 4294 823 4361 alteram
857 4295 892 4361 in
929 4294 1180 4383 longitudinem
1215 4298 1356 4360 extensa
1391 4300 1459 4362 est:

316 4417 377 4486 Av.
404 4412 642 4510 77411111χ11ῳ
670 4412 865 4508 ἐφεζόμενοι
893 4412 969 4510 παρ’
996 4411 1121 4513 Ἕβρον
1149 4405 1307 4505 obrupta.
1355 4415 1461 4482 Tran-

314 4545 416 4612 situm
440 4544 483 4611 ad
506 4544 680 4611 notionem
704 4544 862 4611 movendi
884 4543 1027 4633 praebet
1047 4541 1349 4612 richenesheim
1368 4528 1459 4636 παρὰ
