3240 5212
769 413 836 481 169

234 611 296 680 bus
327 614 445 680 statim
472 613 598 680 subicit
622 613 721 679 baec:
753 603 834 707 πρὸς
860 608 955 679 ταῦθ’
983 608 1073 687 ὅπως
1101 609 1163 688 ἕξει
1189 610 1291 688 πολὺς
1316 610 1369 679 καὶ

234 730 383 833 λαμπρὸς
411 738 444 813 ἐς
462 730 515 805 τὸν
536 733 650 833 ἄνδρα.
677 779 717 788 -
743 740 829 808 Nub.
842 739 966 808 143311
990 732 1071 836 πρὸς
1088 744 1192 809 ταῦτα
1212 740 1260 835 μὴ
1280 737 1372 808 τύπτ’

126 936 129 941 ,
234 867 261 934 εἰ
288 865 323 934 δὲ
351 866 419 960 μὴ,
448 859 566 934 σαυτόν
589 862 662 934 ποτ’
690 863 844 948 αἰτιάσει,
870 869 958 936 Nub.
984 869 1103 953 99611,
1128 871 1230 958 Vesp.
1255 870 1376 942 64911,

233 989 446 1075 997,1386,
480 991 556 1057 Pac.
581 990 665 1074 416,
698 989 817 1068 76511,
850 988 990 1067 131511,
1021 989 1109 1057 Ecci.
1134 988 1265 1071 486111,
1291 990 1373 1076 851,

233 1114 341 1200 1146,
366 1117 420 1182 Fr.
447 1115 476 1181 i.

285 1228 373 1332 Πρὸς
400 1233 478 1304 τάδε
502 1236 562 1324 Eq.
587 1234 716 1319 622111,
752 1234 828 1301 Pac.
854 1232 967 1300 305«.
1004 1235 1111 1324 Volgo
1147 1236 1231 1302 verti
1264 1242 1375 1324 potest

232 1381 294 1448 per
320 1357 606 1448 «quamobrem»,
633 1355 828 1442 «proinde».
874 1353 947 1421 Uno
970 1359 1105 1421 tantum
1131 1356 1203 1424 loco
1227 1357 1374 1426 formula

234 1482 507 1570 provocationem
532 1479 719 1566 praecedit:
745 1476 828 1544 Ach.
853 1475 993 1542 659117
1016 1467 1096 1570 πρὸς
1123 1481 1226 1545 ταῦτα
1254 1473 1373 1547 Κλέων

106 1634 108 1638 ·
233 1608 285 1677 καλ
311 1603 527 1699 παλαμάσθω
553 1602 606 1671 καὶ
638 1609 717 1671 cett.

279 1739 309 1804 ί).
345 1737 404 1804 Th.
431 1736 496 1803 149
519 1756 567 1823 sq.
593 1731 661 1827 χρὴ
676 1728 739 1825 γὰρ
754 1729 898 1824 ποιητὴν
920 1726 1023 1825 ἄνδρα
1043 1724 1124 1825 πρὸς
1142 1729 1182 1799 τὰ
1201 1731 1355 1829 δράματα
1363 1745 1376 1827 ί

235 1861 256 1930 ἃ
285 1861 335 1930 δεῖ
357 1867 477 1953 ποιεῖν,
504 1852 584 1956 πρὸς
611 1864 715 1927 ταῦτα
742 1856 817 1934 τοὺς
843 1856 984 1952 τρόπους
1011 1857 1098 1952 ἔχειν
1124 1861 1179 1948 ((16
1196 1864 1374 1931 iteratione

236 1987 495 2075 praepositionis
530 1992 610 2051 ante
645 2003 833 2072 pronomen
870 1984 1176 2050 demonstrativum
1212 1984 1253 2051 cf.
1288 1985 1376 2053 Nub.

233 2110 398 2200 daosqq„
423 2110 499 2175 vide
523 2109 669 2197 Kriigev.
695 2116 709 2186 5
733 2107 790 2173 ua:
818 2107 853 2173 7:
879 2105 924 2194 1).
950 2104 1175 2173 Conferantur
1200 2117 1377 2196 praeterea

235 2232 315 2300 Ach.
341 2231 406 2300 783
429 2228 553 2299 ποττὰν
582 2230 696 2325 ματέρ’
725 2225 960 2323 εἰκασθήσεται
985 2234 1019 2296 et
1041 2228 1134 2295 locus
1158 2232 1218 2296 Av.
1236 2230 1325 2298 1334
1340 2254 1373 2298 m

233 2356 400 2444 ascriptus
424 2355 468 2422 ad
491 2356 505 2421 I
529 2355 591 2422 sub
617 2354 728 2420 tinem.
776 2353 876 2419 Haud
903 2353 971 2418 scio
993 2372 1037 2418 an
1060 2351 1126 2418 buc
1154 2352 1374 2421 referendum

234 2476 277 2542 sit
300 2475 360 2564 Eq.
386 2476 503 2542 564111
539 2476 597 2543 ubi
632 2476 755 2542 chorus
782 2475 980 2560 Neptunum
1009 2472 1173 2541 celebrat:
1208 2469 1376 2570 Φαρμίωνί

235 2625 271 2669 τε
300 2598 426 2694 φίλτατ’
467 2603 520 2683 ε’κί
558 2607 624 2670 τῶν
666 2598 775 2668 ἄλλων
812 2622 847 2666 τε
873 2595 963 2665 θεῶν
991 2592 1205 2692 Ἀθηρναίοις
1231 2595 1311 2698 πρὸς
1338 2596 1373 2672 τὸ

233 2729 399 2822 παρεστός
423 2732 549 2822 (forma
572 2733 627 2797 vix
652 2738 745 2797 recta
767 2750 827 2816 pro
850 2723 1041 2821 παρεστώς)
1065 2729 1132 2795 16.
1169 2732 1375 2799 «secundum

238 2859 471 2942 «praesentem
503 2860 670 2930 statum»,
704 2856 762 2918 «ut
793 2871 811 2917 6
836 2850 988 2917 felicibus
1014 2851 1115 2918 rebus
1140 2853 1376 2940 praesentibus

237 2981 411 3046 «conicere
437 2977 546 3062 licet»,
570 2979 634 3044 vid.
659 2976 763 3044 Kocl«.
788 2976 831 3042 ad
854 2975 887 3042 h.
911 2976 947 3042 i:
985 2975 1086 3042 «Erst
1111 2977 1257 3044 k'umlich
1281 2978 1376 3046 hatte

236 3093 419 3161 «Poseidon
456 3093 523 3160 den
558 3092 735 3160 Athenern
769 3092 863 3158 seine
890 3091 977 3158 Huld
1004 3091 1186 3172 bevviesen‚
1219 3095 1268 3160 als
1291 3093 1373 3163 Gott
1425 3120 1427 3124 ’

239 3211 318 3277 «des
353 3209 483 3276 Meeres
521 3209 629 3279 durch
667 3209 722 3275 die
758 3207 948 3296 gliicidiche
979 3206 1200 3277 Seeschlacbt
1230 3211 1265 3276 in
1297 3211 1376 3278 dem

237 3330 367 3397 «ilafen
402 3349 468 3396 von
493 3329 592 3416 Pylos
627 3329 697 3396 und
732 3330 781 3395 als
815 3322 946 3402 Ἵππιος
982 3330 1089 3395 durch
1125 3330 1190 3397 den
1215 3330 1294 3421 Sieg
1317 3332 1377 3399 der

237 3450 368 3518 «Ritter
390 3451 425 3516 in
448 3449 628 3516 Korintbia
652 3447 734 3537 (595
758 3452 868 3539 sqq.)v

278 3574 406 3641 Eadem
433 3578 582 3661 potestas
606 3574 822 3662 cognoscitur
838 3576 872 3640 in
889 3572 1114 3641 locutionibus
1129 3575 1377 3643 adverbialibus

234 3688 314 3790 πρὸς
356 3693 428 3792 βίαν
471 3706 508 3765 et
546 3687 626 3789 πρὸς
669 3693 782 3790 ὀργήν.
830 3696 1023 3763 Invenimus
1053 3686 1133 3790 πρὸς
1166 3694 1238 3793 βίαν
1275 3696 1376 3765 πίνειν

235 3824 316 3891 Acb.
331 3824 391 3909 73,
404 3865 448 3871 -
460 3827 591 3918 χειροῦν
620 3824 716 3912 Vesp.
733 3821 800 3889 443
815 3843 855 3905 n,
871 3819 1061 3917 -ἐξαιρεῖν
1079 3826 1177 3914 Vesp.
1187 3825 1276 3893 1689
1289 3848 1374 3901 n,—

235 3947 381 4046 χρῆσθαι
405 3952 488 4019 Ran.
513 3950 612 4035 1457,
634 3990 670 3998 -
698 3933 891 4040 ἀναγκοίζειν
915 3949 1004 4017 Eccl.
1025 3951 1101 4019 467.
1126 3953 1217 4019 Haec
1233 3953 1378 4020 formula

234 4074 301 4159 bis,
326 4074 469 4141 articulo
494 4073 628 4156 addito,
653 4077 811 4138 naturam
835 4070 1039 4138 substantivi
1063 4073 1191 4140 induit:
1217 4073 1295 4161 Lys
1313 4072 1379 4140 163

236 4194 272 4263 οὐ
307 4192 369 4291 γὰρ
403 4195 448 4262 ἔνι
483 4190 608 4268 τούτοις
644 4191 749 4287 ἡδονὴ
784 4198 851 4267 τοῖς
886 4183 964 4287 πρὸς
1002 4190 1094 4289 βίαν,
1127 4194 1218 4261 Eccl.
1243 4194 1306 4262 471
1341 4186 1377 4261 τὸ

235 4316 315 4420 πρὸς
350 4321 422 4420 βίαν
458 4321 652 4390 δεινότατον.
689 4313 776 4417 Πρὸς
808 4319 928 4417 ὀργήνε
960 4322 1214 4390 1166844177
1248 4321 1300 4389 καὶ
1328 4323 1375 4416 μὴ

236 4445 316 4549 πρός
356 4450 457 4546 ὀργὴν
495 4447 672 4545 σπλάγχνα
716 4447 888 4544 θερμήνῃς
924 4444 1029 4543 κότῳ,
1054 4450 1186 4518 856-
1211 4451 1376 4545 ἐλέγχειν,

238 4582 305 4650 998
321 4605 356 4649 m
382 4622 428 4629 -
459 4579 649 4674 ἀντιλέγειν.
