3240 5212
783 392 828 461 59

233 595 452 663 interiorem:
493 595 592 683 Vesp.
628 592 696 660 355
712 614 734 659 n
770 590 826 668 ἵεις
866 591 988 659 σαυτδν
1028 588 1111 659 κατὰ
1150 593 1208 658 τοῦ
1248 589 1376 684 τείχους

234 720 274 787 ol.
301 721 360 788 Av.
385 719 448 807 20;
473 721 548 810 Lys.
573 719 663 788 1258
679 742 714 788 m
737 717 841 797 πολὺς
868 716 932 816 (sc.
962 708 1083 815 α’ρρός)
1112 717 1138 787 δ’
1160 719 1232 810 ἁμᾶ
1249 723 1375 787 καττοῒν

236 844 361 914 σκελοῖν
389 844 466 915 ἵετο.
514 848 563 915 De
587 849 783 916 discrimine
806 850 897 917 inter
920 834 1007 915 κατοέ
1027 871 1054 917 c.
1080 871 1159 938 gen.
1183 856 1218 917 et
1241 839 1309 915 αῗπό
1332 848 1375 918 ef.

237 963 304 1042 οἷπό
327 975 358 1043 Ι;
384 975 448 1047 lc,

278 1099 309 1166 2.
357 1099 527 1186 Imprimis
551 1099 640 1187 apud
662 1099 767 1168 verba
789 1100 972 1183 fundendi3
1026 1114 1030 1119 ·

279 1244 308 1290 α.
358 1223 449 1311 apud
485 1223 587 1292 verba
619 1223 815 1293 effundendi
838 1245 941 1313 super
964 1225 1107 1315 aliquid,
1131 1226 1179 1292 ita
1201 1230 1240 1292 ut
1262 1228 1377 1292 motus

234 1344 524 1434 perpendicularis
542 1350 681 1412 maneat
698 1350 777 1433 post
795 1367 870 1413 rem
887 1350 1034 1414 tactam:
1052 1346 1112 1436 Eq.
1126 1345 1257 1428 loals5
1272 1368 1291 1414 e
1308 1345 1377 1413 εἶτα

235 1459 466 1539 κατασπένδων
494 1468 577 1539 κατὰ
601 1475 662 1566 τῆς
688 1469 836 1565 κεφαλῆς
863 1458 1062 1570 α’ρυβαλλιρ]
1086 1464 1271 1568 ἀμβροσίαν
1291 1471 1375 1542 κατοὶ

237 1603 318 1681 σοῦ,
347 1597 431 1667 κατὰ
457 1595 574 1668 τούτου
602 1597 637 1667 δὲ
665 1585 912 1695 σκοροδάλμην.
948 1602 1009 1669 Ar.
1027 1601 1128 1670 coln
1145 1599 1379 1696 καταχεῖσθαι]

238 1752 322 1796 κατα
355 1728 466 1824 χειρδς
493 1723 580 1824 ὕδωρ
609 1719 735 1823 φερέτω
762 1724 849 1822 ταχύ
877 1753 940 1811 τις,
966 1753 1007 1799 ex
1030 1752 1098 1820 quo
1122 1731 1193 1800 loeo
1217 1738 1376 1821 apparet,

238 1858 280 1926 ad
296 1858 478 1926 formulam
496 1859 631 1927 dicendi
648 1852 736 1951 ὕδωρ
750 1853 834 1924 κατὰ
848 1855 959 1953 χειρός
977 1858 1074 1946 Vesp.
1093 1857 1194 1938 1216,
1208 1858 1263 1925 Fr.
1276 1857 1342 1925 427
1355 1880 1378 1925 n

235 1991 351 2053 mente
375 1985 604 2075 supplendum
627 2008 700 2054 esse
721 1982 950 2080 καταχεῖσθαι.
984 1986 1091 2054 Porro
1107 1990 1261 2085 καταχεῖν
1277 1987 1376 2074 Vesp.

236 2111 272 2191 7,
296 2112 362 2180 713
377 2134 418 2192 n,
441 2117 531 2180 πνεῖν
560 2115 632 2182 Pae.
657 2115 742 2201 525,
768 2119 942 2182 καταπνεῖν
966 2116 1044 2204 Lys.
1068 2114 1135 2183 552
1151 2137 1182 2182 n.

280 2235 309 2301 b.
355 2235 445 2324 aqud
477 2235 578 2303 verba
608 2236 820 2306 diffundendi
851 2259 914 2326 per
937 2239 1050 2306 locum
1074 2238 1244 2327 aliquem,
1269 2238 1318 2305 ita
1340 2241 1379 2305 ut

237 2366 351 2429 motus
391 2362 683 2449 perpendicularis
723 2363 929 2451 impediatur
958 2384 1004 2430 re
1037 2368 1147 2430 tacta:
1188 2362 1276 2431 Nub.
1311 2361 1378 2429 177

238 2479 321 2550 κατὰ
352 2487 415 2578 τῆς
442 2475 606 2579 τραπέζης
634 2482 829 2562 καταπάσας
855 2483 981 2580 λεπτὴν
1008 2476 1148 2582 τέφραν,
1178 2487 1237 2552 Αν.
1261 2485 1327 2553 537
1344 2506 1377 2553 n.

238 2604 368 2684 Quibus
402 2607 484 2675 loeis
517 2608 624 2697 igitur
648 2615 802 2677 servatus
826 2614 877 2677 est
902 2630 983 2678 usus
1006 2608 1284 2699 praepositionis,
1309 2628 1378 2697 quo

237 2730 466 2820 significatur,
483 2752 538 2800 res
554 2733 621 2802 huc
636 2734 715 2802 illuc
731 2734 901 2822 dispersas
917 2755 991 2825 esse
1008 2755 1069 2823 per
1084 2734 1231 2823 aliquem
1248 2733 1379 2816 locum;

237 2873 324 2942 quae
357 2853 555 2942 significatio
590 2855 761 2923 invenitur
791 2858 882 2944 apud
906 2856 1003 2924 Hom.
1029 2856 1091 2923 Od.
1116 2857 1144 2923 i:
1169 2853 1236 2922 330
1258 2852 1378 2950 κόπρος

237 2975 321 3046 κατὰ
357 2978 489 3057 σπείους
521 2972 636 3076 κέχυτο
667 2972 774 3055 πολλή
797 2989 832 3052 et
855 2985 946 3074 apud
969 2984 1150 3072 scriptores
1174 2984 1379 3072 posteriores

237 3107 330 3171 retro
364 3125 428 3172 usu
462 3106 590 3174 teritur
625 3110 666 3173 el.
702 3105 822 3173 Krebs.
857 3128 889 3195 p.
923 3104 1005 3188 130,
1044 3105 1121 3172 vide
1155 3125 1183 3171 e.
1207 3127 1239 3195 g.
1263 3105 1378 3193 Polyb.

237 3222 276 3291 l:
311 3223 372 3292 17;
409 3224 454 3293 lo
488 3224 673 3303 κατιδόντες
700 3224 775 3304 τοὺς
807 3225 985 3319 πολεμίους
1012 3216 1268 3319 ἐσκεδασμένους
1294 3223 1378 3294 κατὰ

238 3355 300 3447 τοι
326 3349 451 3450 χώρας·

280 3475 312 3543 3.
358 3476 394 3544 Si
418 3483 532 3547 motus
555 3480 847 3567 perpendicularis
870 3481 971 3548 altius
995 3481 1099 3548 etiam
1122 3479 1295 3548 deseendit
1314 3477 1378 3546 sub

237 3601 455 3688 superficiem
479 3603 559 3671 loci:

282 3743 313 3789 α.
339 3743 417 3790 eum
442 3725 581 3792 notione
606 3725 782 3793 movendi:
807 3726 893 3792 Rau.
918 3725 1045 3793 1514ιι
1069 3721 1224 3801 αὐτοδς..
1241 3777 1268 3793 ..
1296 3721 1378 3792 κατὰ

237 3852 296 3942 γῆς
321 3849 453 3944 ταχέως
481 3841 695 3947 α’ποπέμψιυ,
721 3853 808 3920 Plut.
834 3853 956 3942 2381).

241 4056 448 4064 ——-

278 4208 297 4276 1)
317 4206 366 4260 Th.
387 4208 465 4260 60111
484 4209 550 4263 κατὰ
571 4215 616 4263 τοῦ
638 4212 750 4282 θριγκοῦ
763 4253 768 4264 ,
782 4253 788 4264 .
802 4252 827 4264 ..
850 4210 922 4264 τουτὶ
943 4204 972 4264 τὸ
989 4212 1048 4272 πέος
1063 4215 1220 4285 χοανεῦσαι,
1234 4207 1379 4262 secundum

237 4303 408 4359 scholiastam
427 4306 499 4381 παρὰ
520 4307 677 4381 προσδοκίαν
697 4303 797 4358 dietum
817 4308 858 4358 ost
876 4323 925 4375 pro
944 4307 1010 4362 κατὰ
1031 4314 1076 4362 τοῦ
1097 4313 1227 4381 πρωκτοῦ.
1256 4306 1282 4358 Α
1301 4305 1379 4377 Blay-

237 4395 311 4451 (lesio
330 4396 442 4467 aliisquo
459 4397 493 4452 do
513 4396 668 4468 integritate
687 4395 810 4449 lectionis
829 4394 977 4451 dubitatur.
1002 4399 1158 4469 Suspectum
1179 4396 1272 4451 saltem
1292 4401 1332 4452 est
1350 4397 1379 4450 in

240 4489 340 4560 optimo
373 4490 465 4545 codiee
493 4493 652 4545 Rauennate
679 4493 748 4548 κατὰ
776 4488 876 4542 recenti
905 4508 986 4542 mamr
1014 4489 1163 4562 suppletum
1196 4508 1267 4555 esse,
1293 4507 1380 4558 neque

237 4587 366 4660 intellego
386 4607 455 4658 quae
473 4589 621 4644 intercedat
639 4590 710 4644 luter
729 4590 847 4664 πρωκτόν
867 4591 1023 4666 υ1ἓιριγκδν
1044 4589 1200 4645 similitudo.
