3240 5212
820 379 900 475 'oo

351 583 379 648 b.
404 603 482 648 oum
505 581 642 648 notione
666 580 806 668 quietis:
831 578 916 646 Nub.
941 577 1007 645 188
1032 577 1185 671 ζητοῦσιν
1202 576 1289 646 οὔτοι
1307 575 1348 647 τὰ
1366 575 1449 647 κατὰ

307 711 386 801 γῆς,
410 707 493 774 Ran.
519 705 608 773 1529
624 705 690 773 nT
714 703 865 795 δαίμονες
893 705 924 771 οἱ
948 702 1031 773 κατὰ
1058 705 1162 798 χαίοις.
1249 781 1252 786 ,

351 835 382 902 4.
422 835 471 901 De
494 834 570 900 Pac.
595 832 658 900 all
686 830 804 901 ὁκατδι
831 838 897 900 τοῖν
927 832 1052 902 σκελοῖν
1077 836 1220 925 legimus
1243 835 1333 922 apud
1350 835 1450 924 Blay-
1523 816 1526 827 ⁸

308 963 457 1030 desium:
490 960 647 1048 «Ellipsis
676 961 846 1029 notabilis.
892 961 1046 1029 Reiskius
1069 961 1202 1050 supplet
1226 959 1352 1051 ἱέμενος
1375 957 1450 1051 (qui

309 1084 372 1151 «ad
388 1083 634 1170 confringenda
650 1104 754 1150 crura
769 1083 895 1168 tendit,
912 1083 1007 1171 prob.
1024 1083 1165 1171 nient),
1182 1084 1304 1152 melius
1320 1085 1450 1150 Brunc-

309 1204 405 1271 ‹drius
430 1201 535 1278 ἑστὼς
562 1201 616 1271 vol
644 1200 797 1300 βεβηκὼς
821 1205 841 1270 i.
860 1226 888 1271 e.
911 1205 970 1292 qui
985 1204 1128 1292 pedibus
1150 1204 1292 1271 firmiter
1307 1204 1434 1272 insistit

309 1336 369 1398 «ut
398 1331 491 1419 apud
524 1331 726 1418 Tyrtaeum:
760 1321 845 1398 αλλά
880 1354 927 1406 τις
963 1327 999 1397 εὖ
1035 1327 1149 1427 διαβὰς
1178 1330 1323 1422 μενέτω,
1351 1329 1448 1398 ποσλν

312 1454 567 1552 «ἀμφοτέροισιῖ
603 1454 795 1552 στηριχθεὶς
831 1457 884 1526 ἐπὶ
911 1463 992 1554 γῆς,
1029 1458 1141 1553 χεῖλος
1169 1457 1279 1527 ὀδοῦσι
1307 1455 1447 1527 δακών.»

309 1579 485 1658 Quomodo
509 1581 654 1647 alteram
677 1582 964 1671 significationem
990 1582 1115 1650 habere
1133 1584 1237 1671 possit
1253 1603 1323 1650 non
1339 1584 1449 1660 vide0,

308 1726 420 1794 neque
445 1705 550 1773 ullum
574 1705 665 1772 aliud
689 1708 883 1794 exemplum
906 1707 1006 1775 huius
1029 1729 1110 1774 usus
1133 1728 1276 1797 usquam
1300 1709 1451 1775 invenire

307 1830 419 1918 potui:
448 1850 570 1918 quare,
596 1831 624 1897 si
648 1831 813 1898 alterutra
836 1832 961 1899 harum
984 1831 1251 1919 explicationum
1273 1832 1451 1920 probanda

307 1962 372 2039 est,
398 1955 557 2043 equidem
581 1954 715 2023 Reislrio
739 1957 897 2024 assentiri
921 1957 1049 2023 malim.

352 2076 390 2142 II.
427 2075 458 2142 l.
505 2077 649 2164 Proprio
683 2098 784 2145 sensu
815 2078 940 2145 dicitur
970 2073 1110 2154 τοξεύειν
1138 2075 1221 2146 κατά
1247 2101 1332 2153 τινος
1364 2079 1451 2146 «telo

307 2199 455 2287 aliquem
495 2203 650 2285 poteren:
690 2219 812 2287 scopus
851 2201 1010 2287 primitus
1049 2202 1190 2269 interior
1226 2201 1451 2289 cogitabatur.

308 2323 398 2391 Usus
428 2324 587 2410 proprius
615 2324 705 2411 apud
736 2323 1002 2413 Aristophanem
1034 2347 1104 2393 non
1135 2331 1247 2411 extat,
1276 2326 1340 2393 nisi
1363 2326 1451 2392 forte

308 2468 347 2515 eo
371 2447 461 2526 loco,
487 2468 590 2536 quem
612 2426 717 2514 modo
741 2448 803 2516 sub
827 2449 865 2515 l:
891 2448 913 2516 4
935 2450 1166 2517 laudavimus:
1192 2451 1253 2518 sed
1276 2451 1325 2517 vis
1341 2437 1452 2516 trans·

270 2664 272 2669 Ι
308 2574 378 2639 lata
401 2573 567 2655 cernitur,
600 2572 659 2640 ubi
682 2573 760 2660 quis
783 2579 949 2662 tanquam
973 2595 1094 2663 scopus
1118 2575 1282 2642 orationis
1304 2574 1449 2662 petitur:

308 2694 368 2782 Eq.
393 2693 498 2760 347ιι
523 2692 556 2760 εἴ
583 2717 648 2760 που
685 2691 810 2761 δικίδιον
844 2695 939 2770 εἶπας
973 2693 1015 2762 εὖ
1042 2692 1126 2763 κατὰ
1160 2693 1250 2772 ξένου
1279 2692 1450 2786 μετοίκου,

312 2822 382 2891 627
412 2818 565 2915 ἐρείδειν,
595 2824 667 2895 808
683 2845 707 2890 n
733 2822 795 2916 τὴν
824 2822 938 2918 ψῆφον
966 2820 1127 2917 ἰχνεύειν,
1156 2824 1244 2892 Nub.
1270 2823 1336 2891 782
1360 2820 1451 2914 δίκην

311 2945 465 3041 εἰσάγειν.

353 3079 384 3146 2.
430 3078 572 3166 PapiuS‚
612 3078 647 3145 in
681 3081 786 3147 lexico
823 3101 853 3168 p.
890 3079 980 3147 1334
1014 3102 1039 3147 s,
1079 3103 1106 3146 ν.
1136 3076 1219 3147 κατά
1243 3081 1338 3147 dicit:
1364 3099 1451 3146 «von

311 3201 428 3267 «Plato
457 3221 501 3267 an
531 3201 575 3267 ist
606 3201 718 3267 dieser
748 3202 927 3269 Gebrauoh
959 3203 1047 3270 auch
1071 3203 1130 3270 aut
1152 3203 1248 3270 nieht
1271 3202 1452 3268 teindliclre

310 3324 561 3392 «Vorhiiltnisse
600 3325 826 3414 ausgedohnt‚
866 3326 1050 3394 besonders
1084 3327 1175 3394 heim
1209 3325 1382 3413 Spreclien
1416 3325 1452 3391 in'

312 3449 526 3538 «Beziehung
563 3449 640 3534 aut,
683 3449 786 3535 iiber,
829 3471 926 3518 von.»
974 3452 1061 3519 Tum
1097 3452 1202 3540 igitur
1236 3451 1347 3518 oratio
1382 3470 1451 3515 non

309 3573 456 3641 habetur
486 3573 647 3640 adversus
676 3574 824 3663 aliquem
847 3577 907 3642 sed
931 3597 1032 3664 super
1055 3576 1168 3664 aliquo
1192 3574 1243 3642 vel
1267 3574 1378 3663 aliqua
1404 3595 1449 3640 re.

309 3698 402 3765 Haec
425 3698 474 3764 vis
498 3697 572 3782 (de,
605 3718 722 3786 super,
748 3700 924 3786 pertinens
947 3700 1025 3788 ad),
1050 3701 1116 3766 nisi
1140 3697 1252 3784 fallor,
1277 3699 1452 3786 praeposi-

309 3819 397 3887 tioni
429 3818 629 3885 vindicanda
665 3824 717 3886 est
747 3819 879 3887 duobus
902 3821 1000 3900 looiS,
1032 3842 1155 3909 nempe
1179 3821 1238 3909 Eq.
1263 3818 1331 3890 660
1353 3823 1397 3912 τῇ
1425 3816 1451 3885 δ’

309 3939 481 4039 Ἀγροτέρᾳ
494 3939 577 4011 κατὰ
596 3941 710 4037 χιλιῶν
728 3940 923 4039 παρχχνεσοιί
942 3943 1047 4039 εὐχὴν
1069 3942 1278 4041 ποιήσασθαι
1296 3943 1449 4041 χιμάρων

310 4069 351 4134 of.
388 4087 490 4154 porro
524 4067 717 4133 Brunokius
751 4068 794 4134 ad
830 4069 861 4134 h.
895 4069 914 4134 l.
975 4068 1130 4136 Alterum
1166 4069 1364 4156 exemplum
1400 4075 1452 4136 est

309 4189 392 4256 Ran.
417 4187 572 4280 101Τῆ
601 4187 705 4282 φρένα
734 4186 793 4278 μὲν
822 4187 878 4255 οὐκ
905 4186 1088 4257 ἐθέλουσαν
1117 4186 1325 4280 δμοσοιικοιῗλ
1342 4191 1448 4285 ἱερῶν.

353 4316 394 4383 ll.
415 4317 437 4383 l.
460 4319 565 4406 igitur
588 4313 672 4384 κατά
697 4318 916 4385 coniunctum
939 4324 991 4386 est
1008 4340 1086 4386 oum
1104 4319 1262 4408 genetivo
1279 4319 1450 4405 sacrificii,

308 4441 403 4508 iuxta
437 4442 529 4528 quod
559 4441 634 4529 quis
666 4440 745 4507 deos
777 4443 881 4506 testes
912 4441 1118 4507 sacramenti
1140 4440 1289 4507 invocat:
1319 4440 1452 4507 obtinet

310 4564 428 4625 tamen
452 4557 544 4624 notio
567 4556 697 4640 localis,
717 4556 830 4644 quoad
855 4576 976 4622 manus
992 4557 1134 4623 iurantis
1151 4557 1354 4644 cogitandae
1370 4561 1452 4622 sunt
