3240 5212
691 382 757 451 113

152 601 256 669 quam
278 583 382 648 etiam
405 582 480 669 Lys.
503 581 571 676 tq
602 581 626 658 ’ς
659 574 767 658 Πανδς
795 582 818 677 ἢ
847 581 891 649 'iri
919 576 1063 650 Κωλιάδ’
1090 581 1113 675 ἢ
1143 580 1166 657 ’ς
1194 564 1286 650 Γενε-

152 703 317 798 τυλλίδος,
341 726 468 774 nomen
493 730 554 797 pro
575 711 703 798 templo
719 711 870 778 numinis
887 716 1072 799 usurpatur
1088 709 1161 798 (ubi
1176 715 1291 777 tamen

152 835 325 902 Bentleius
348 836 526 922 proposuit
548 834 572 928 ἢ
601 832 625 911 ’ς
650 822 851 927 Κωλιοιδος).
880 834 998 925 Neque
1021 837 1163 903 fortasse
1180 836 1292 924 negle-
1378 824 1380 829 ’

155 955 303 1043 gendum
329 961 395 1041 est,
420 965 510 1044 quod
534 958 679 1047 legimus
702 960 792 1047 apud
816 958 934 1025 Krebs,
961 979 992 1045 p.
1013 955 1073 1022 79:
1100 956 1181 1022 «Bei
1198 956 1293 1022 einer

156 1080 426 1169 «Vergleichimg
449 1082 512 1148 der
536 1083 659 1151 beiden
683 1085 887 1167 Rectionen‚
918 1082 1026 1149 durch
1051 1081 1104 1148 die
1127 1082 1187 1147 das
1210 1080 1293 1147 Ver-

155 1206 302 1272 «haltnis
337 1206 397 1273 der
430 1206 602 1297 Ricbtung
637 1209 793 1298 gegeben
829 1208 929 1290 wird‚
964 1207 1127 1274 kommen
1162 1205 1224 1272 wir
1252 1227 1293 1272 zu

157 1330 253 1396 odem
281 1330 468 1408 Resultate‚
500 1332 577 1399 dass
608 1332 669 1399 der
700 1307 880 1401 Accusativ
909 1331 1002 1398 nicht
1025 1331 1158 1397 minden
1180 1329 1293 1396 iiblicb

155 1452 219 1518 «ist
243 1450 525 1540 (ausgeuommen
549 1453 604 1520 bei
621 1454 686 1522 den
702 1454 927 1523 Ausdritcken
951 1450 1042 1519 πλεῖν
1066 1449 1143 1523 und
1161 1435 1292 1545 πορεύε-

156 1572 267 1657 «σθαι,
281 1576 335 1643 die
348 1578 412 1645 mit
422 1577 576 1645 Vorliebe
589 1580 644 1646 die
652 1578 1043 1648 Genitiv-Coustruction
1051 1578 1290 1666 annebmenb.

155 1700 268 1779 Quod,
303 1699 369 1766 nisi
400 1699 513 1778 fallor,
551 1702 653 1767 etiam
685 1701 721 1767 in
745 1703 932 1789 scriptores
959 1702 1171 1790 antiquiores
1194 1701 1292 1767 valet.

154 1825 266 1914 Aegre
289 1825 378 1908 fero,
403 1825 495 1912 quod
519 1824 793 1893 dissertationem
823 1827 1003 1894 Kuemellii
1037 1827 1099 1894 «de
1124 1826 1293 1915 praeposi-

154 1947 255 2014 tionis
279 1944 333 2013 ἐπί
356 1966 419 2013 usu
442 1945 681 2033 Thucydideo»
708 1947 863 2014 conferre
886 1968 957 2015 non
982 1948 1084 2034 potui.

199 2068 236 2134 ΙΙ.
262 2067 293 2134 1.
318 2067 369 2134 Ex
392 2066 423 2133 I:
448 2065 466 2132 1
487 2073 673 2134 nascuntur
688 2068 855 2135 dictiones
872 2069 1057 2158 figuratae:
1075 2070 1134 2158 Eq.
1150 2068 1240 2135 1211
1255 2069 1291 2135 Τ.

155 2186 260 2283 λεπτή
296 2212 342 2264 τις
375 2185 464 2262 ἐλπίς
499 2183 565 2254 ἐστ’
600 2183 652 2280 ἐφ’
688 2188 730 2282 ἧς
765 2185 939 2283 ὀχούμεθα
963 2190 1005 2256 ct.
1029 2191 1082 2256 Fr.
1106 2189 1173 2257 198
1197 2191 1223 2256 Τ
1248 2188 1294 2265 ὡς

155 2314 270 2411 σφόδρ’
300 2314 353 2384 ἐπὶ
370 2315 499 2383 λεπτῶν
519 2313 658 2383 ἐλπίδων
680 2314 817 2411 ὠχεῖσθ’
838 2315 913 2413 ἄρα.
930 2359 975 2368 —
990 2319 1066 2406 Lys.
1088 2317 1133 2385 30
1149 2339 1197 2407 sq.
1215 2319 1291 2404 Lys.

155 2446 189 2514 έν
223 2451 293 2522 ταῖς
328 2443 467 2537 γυναιξίν
497 2445 582 2513 ἐστιν
619 2447 641 2540 ἡ
671 2447 831 2542 σωτηρία.
878 2446 946 2514 Cal.
972 2446 1006 2514 ἐν
1033 2450 1103 2520 ταῖς
1134 2444 1292 2537 χυναιξίν;

155 2575 203 2642 ἐπ’
232 2574 341 2667 ὀλίγον
368 2571 439 2669 τᾶρ’
466 2574 574 2669 εἴχετο
601 2577 656 2643 «in
680 2598 784 2665 parva
806 2577 973 2666 reigitur
998 2575 1203 2642 nitebatur».

198 2704 229 2771 2.
266 2705 315 2770 Ex
337 2704 369 2770 I:
395 2703 416 2770 2
439 2704 638 2791 explicanda
655 2708 708 2770 est
722 2703 845 2770 locutio
861 2701 1062 2770 adverbialis
1085 2699 1137 2794 ἐρ’
1152 2701 1294 2797 ἡσυχίας

155 2824 254 2913 Vesp.
279 2823 368 2891 1517
385 2844 423 2908 ιι,
454 2824 580 2911 quippe
603 2810 690 2912 quae
719 2822 885 2912 significet
907 2844 1024 2892 rerum
1048 2825 1292 2905 condicionem,

154 2970 242 3038 quae
258 2970 377 3039 quem,
394 2953 434 3016 ut
449 2949 498 3015 ita
514 2949 641 3027 dicam,
655 2949 844 3032 comitetur,
861 2948 896 3014 in
909 2970 976 3036 qua
992 2949 1067 3038 quis
1079 2954 1294 3018 versetur.—

156 3072 238 3138 ltan.
263 3070 395 3138 1305Τ
419 3067 583 3162 ἐνεγκάτω
618 3093 664 3146 τις
690 3071 727 3138 τδ
754 3065 878 3165 λύριον,
913 3068 1015 3137 καίτοι
1042 3070 1072 3137 τί
1102 3069 1167 3151 δεῖ]
1193 3068 1293 3168 λύρας

154 3196 205 3265 ἐπὶ
231 3194 376 3285 τούτων;
414 3199 478 3291 (sc.
513 3203 579 3273 τῶν
607 3203 665 3266 τοῦ
699 3193 874 3294 Εὐριπίδου
908 3195 1111 3292 δισμάτωνλ,
1141 3206 1180 3268 ut
1202 3208 1293 3269 recte

154 3342 233 3389 cum
265 3321 398 3389 duobus
427 3323 599 3391 codicibus
627 3323 823 3391 recentibus
854 3323 984 3389 editum
1016 3329 1067 3390 est
1098 3345 1118 3390 a
1150 3323 1293 3407 Κουλιο,

61 3424 62 3428 “
153 3463 214 3530 pro
247 3441 300 3510 ἐπὶ
333 3447 467 3535 τοῦτον,
505 3444 597 3532 quod
631 3466 651 3511 a
686 3442 858 3510 Dindorfio
887 3443 1072 3522 retinetur,
1108 3444 1167 3511 sed
1198 3445 1294 3512 cuius

154 3584 276 3634 sensus
299 3567 382 3633 mihi
405 3567 544 3656 quidem
568 3585 688 3654 parum
707 3564 906 3653 perspicuus
923 3569 985 3631 est.
1013 3563 1057 3631 Et
1073 3584 1134 3630 nos
1150 3565 1294 3632 dicimus

155 3698 245 3758 «wat
270 3693 297 3758 is
321 3691 441 3777 hierbij
467 3713 530 3760 een
554 3691 615 3757 lier
639 3710 703 3756 van
727 3688 882 3756 noodeu‘?

198 3816 252 3883 ΠΙ.
289 3839 319 3884 u.
361 3816 447 3885 Cum
472 3817 628 3904 genetivo
652 3834 834 3902 personae:
854 3842 895 3868 =
915 3819 1089 3902 «tempore
1112 3815 1291 3897 alicuius»,
1348 3895 1352 3902 ‚

154 3942 232 4008 iude
267 3942 325 4009 ubi
360 3944 402 4009 de
436 3941 661 4032 regnantibus
692 3941 745 4007 vel
778 3941 1007 4028 principatum
1034 3940 1182 4028 aliquem
1209 3941 1294 4009 obti-

154 4061 318 4141 nentibus
353 4071 555 4152 usurpatur,
585 4094 617 4118 =
648 4061 770 4128 «subin
807 4060 890 4128 rich.
926 4060 969 4127 u7
998 4057 1048 4128 ἐπ’
1080 4056 1293 4152 Εὐθυμένους

155 4183 337 4282 ἄρχοντος,
374 4190 462 4256 Eccl.
493 4189 611 4256 943111
644 4186 681 4254 οδ
709 4185 770 4282 χδιρ
796 4187 874 4256 τάπὶ
897 4183 1080 4284 Χαριξένης
1107 4187 1176 4259 τύδ’
1204 4192 1290 4260 ἐστίν

157 4342 245 4388 «non
286 4321 377 4386 enim
417 4320 501 4385 baec
540 4319 594 4385 iila
635 4326 732 4404 sunt,
771 4341 858 4409 quae
896 4327 1051 4409 tempore
1086 4322 1293 4391 Charixeuae

155 4443 233 4532 (sub
277 4443 483 4527 Chaarene,
530 4464 607 4511 eum
651 4443 841 4511 Charixena
880 4445 1031 4535 vigebat)
1070 4449 1307 4537 agebantur».-

155 4572 242 4640 Nub.
271 4574 357 4640 1091]
376 4597 407 4640 ιιι
434 4576 464 4640 oi
483 4573 603 4651 ζῶντες
624 4572 688 4641 τότ’
711 4574 763 4642 ἐπὶ
782 4581 847 4642 τῶν
866 4576 1053 4669 προτέρων,
1080 4580 1155 4645 Pac
1173 4580 1237 4648 utu
1257 4604 1291 4648 m

1169 4702 1184 4752 8
