3240 5212
787 378 831 447 58

240 571 361 655 «situs,
393 593 500 659 quum
533 572 638 640 verba
668 578 791 660 poetae
826 573 1061 640 excidissent».
1086 615 1131 622 -
1153 574 1251 662 Vesp.
1275 575 1381 643 55811

239 698 274 776 ὃς
303 698 354 791 ’ἔμ’
382 698 447 768 οὐδ’
476 699 515 768 ἂν
544 698 639 780 ζῶντ’
666 697 779 797 hieu,
808 701 836 769 εἰ
864 701 912 795 μὴ
941 699 993 770 διὰ
1019 701 1080 797 τὴν
1108 704 1271 801 προτέραν
1300 696 1380 773 α’πό-

239 827 347 922 ρυξιν,
372 831 496 920 ellipsis
519 833 669 900 notanda
692 839 743 900 est
767 837 845 921 post
863 831 891 898 εἰ
911 829 980 926 μή,
998 832 1094 900 cuius
1109 833 1208 921 plura
1225 834 1382 922 exempla

237 959 336 1028 allert
366 960 518 1028 Kiihner.
542 962 573 1029 ll
595 983 628 1049 p.
654 961 730 1029 419.
759 1000 796 1011 -
822 961 876 1028 Fr.
900 960 967 1028 363
982 983 1005 1028 6
1029 958 1081 1028 κα)
1109 956 1268 1056 κολλύραν
1295 966 1395 1029 τοῖσι·

237 1092 382 1183 περῶσιν
412 1085 464 1156 διὰ
490 1092 548 1157 τοῦ
576 1082 762 1183 Μαραθῶνι
789 1086 948 1183 τροπαίου
972 1089 1086 1157 Elmsl.
1108 1089 1204 1156 Dind.
1223 1088 1319 1168 Oob.;
1341 1130 1379 1140 -

237 1215 313 1309 ιούν
332 1210 520 1313 Μαραθῶνι
538 1223 694 1314 τροπαῖον
711 1220 811 1309 vulg,
828 1217 949 1306 Bergk.
968 1217 1011 1285 fr.
1028 1216 1104 1297 407,
1121 1218 1237 1306 Blayd.
1251 1218 1291 1285 fr.
1304 1218 1382 1298 401,

237 1345 298 1435 qui
321 1347 552 1414 accusativum
576 1348 651 1414 iure
673 1351 817 1414 tuentur
840 1351 874 1413 et
896 1349 1041 1441 περῶσιν
1066 1350 1203 1413 mutant
1220 1347 1255 1413 in
1271 1345 1383 1440 γέρου-

239 1494 307 1564 σιν7
344 1473 403 1540 sed
439 1473 479 1539 cf.
517 1474 621 1539 etiam
658 1471 692 1538 ἐν
728 1472 757 1538 I:
782 1471 814 1538 3.
838 1514 883 1522 —
905 1473 1057 1540 K'uhner.
1082 1471 1112 1538 Π
1135 1494 1167 1560 p.
1193 1472 1259 1539 420
1282 1474 1381 1540 dicit:

241 1599 329 1667 «Der
358 1598 587 1667 Unterschied
609 1599 777 1667 zuischen
800 1600 878 1667 dem
902 1600 1059 1667 causalen
1083 1593 1186 1665 6616.
1211 1619 1287 1687 gen.
1312 1598 1382 1665 und

242 1721 314 1793 ιδιά
348 1746 376 1793 c.
414 1746 482 1792 acc.
517 1725 561 1792 ist
583 1725 882 1814 gewissermassen
904 1726 968 1792 wie
991 1726 1157 1793 zwischeu
1183 1745 1285 1812 «per»
1310 1726 1382 1793 und

242 1858 439 1942 «propternz
477 1846 528 1917 διά
564 1872 590 1918 c.
620 1873 696 1941 gen.
722 1851 919 1919 bezeichnet
942 1851 996 1918 die
1020 1851 1267 1920 Wirksamheit
1290 1851 1383 1918 einer

241 1978 368 2046 «Sache
393 1977 474 2045 oder
497 1978 625 2045 Person
648 1977 908 2044 unmittelbarer
932 1979 1004 2045 und
1026 1979 1174 2056 starker,
1201 1973 1295 2046 6616.
1312 2000 1381 2046 acc.

241 2100 566 2168 ((61616166666666
591 2099 712 2166 darum
736 2099 964 2167 schutcher».
1011 2099 1108 2194 Quod
1132 2101 1277 2167 fortasse
1293 2099 1383 2166 valet

238 2223 274 2289 in
297 2221 380 2289 alios
404 2221 603 2308 scriptores
629 2226 665 2288 at
688 2222 780 2309 apud
804 2220 1067 2310 Aristophanem
1093 2217 1145 2289 διά
1168 2244 1193 2290 6.
1220 2243 1298 2312 gen.
1319 2221 1382 2289 hoc

240 2369 341 2429 sensu
364 2347 436 2415 fere
461 2348 574 2432 deest,
600 2342 652 2414 διά
675 2368 703 2414 c.
728 2368 796 2415 aco.
818 2352 1001 2437 utramque
1017 2351 1084 2416 vim
1101 2349 1205 2418 habet
1222 2351 1261 2417 cf.
1278 2349 1323 2416 ll:
1342 2348 1380 2428 l,

239 2470 297 2539 ubi
332 2471 448 2537 etiam·
470 2471 648 2558 apparuit,
684 2470 774 2557 apud
808 2472 1017 2538 accusativos
1046 2472 1238 2560 personales
1261 2471 1382 2539 saltem

240 2594 524 2684 significationem
565 2615 666 2682 «per»
706 2594 974 2684 frequentiorem
1013 2616 1086 2663 esse
1119 2618 1222 2686 quam
1260 2616 1381 2685 «prop-

238 2723 323 2785 ter».
349 2756 389 2766 —
414 2701 479 2783 Διαί
498 2737 525 2782 c.
550 2736 618 2783 acc.
644 2716 695 2782 rei
719 2736 820 2804 saepe
843 2716 926 2783 nihil
949 2717 1063 2784 dillert
1085 2717 1128 2786 ab
1151 2739 1191 2786 ea
1213 2721 1381 2806 potestate

238 2843 364 2911 causali
398 2842 660 2932 praepositionis
695 2839 758 2909 ὑπό
793 2863 820 2909 6.
855 2863 931 2931 gen.
967 2844 1035 2925 rei,
1068 2843 1109 2910 de
1140 2865 1208 2933 qua
1230 2843 1293 2912 sub
1317 2834 1382 2911 ὑπό

238 2991 266 3037 6.
302 2992 380 3060 gen.
417 2970 462 3037 ll:
498 2971 519 3036 2
556 2971 725 3038 dicemus:
758 2991 786 3039 e.
810 2992 842 3059 g.
867 2966 903 3035 δι’
931 2960 1077 3064 ανάγκην
1101 2970 1188 3039 Nub.
1212 2972 1317 3040 377n
1338 3002 1381 3030 =

239 3093 293 3164 ὑπ’
327 3084 475 3191 αῗναίγκης
499 3098 586 3165 Nub.
611 3097 678 3165 405
694 3119 727 3165 6.

700 3421 732 3488 4.
790 3410 921 3484 ΚΑΤΑ.

283 3684 367 3753 Cum
401 3686 561 3774 genetivo
596 3690 689 3752 extat
719 3685 764 3752 76
793 3686 890 3762 lociS,
924 3705 1069 3774 quorum
1101 3684 1123 3750 6
1152 3689 1287 3752 tantum
1312 3685 1381 3752 vim

237 3812 440 3879 translatam
471 3810 643 3877 exhibent.
690 3810 865 3877 Dissimilis
896 3810 982 3878 ratio
1006 3815 1058 3878 est
1081 3810 1273 3878 accusativi.
1320 3810 1382 3878 Hic

237 3936 328 4004 enim
346 3934 412 4002 136
427 3935 508 4002 locis
525 3935 709 4020 invenitur,
728 3934 771 4001 46
786 3935 872 4023 (471)
889 3936 1039 4024 proprio,
1053 3934 1099 4001 90
1110 3934 1201 4021 (891)
1214 3935 1380 4003 translato

239 4081 349 4128 sensu.
397 4060 446 4126 De
480 4059 561 4127 locis
595 4060 778 4148 postremis
808 4059 909 4149 longe
941 4059 1094 4147 plurimi,
1125 4058 1168 4125 76
1191 4058 1289 4148 (771)
1313 4060 1380 4148 sig-

238 4186 451 4254 nificationes
472 4186 636 4274 praebent
659 4190 754 4252 arcte
781 4185 871 4252 inter
892 4207 927 4252 se
952 4185 1171 4252 cohaerentes
1194 4185 1380 4271 medalem,

238 4310 508 4395 distributivam,
532 4309 768 4397 separativam.

208 4493 210 4497 .
283 4434 323 4502 A.
371 4433 470 4502 Cum
506 4435 725 4523 genetivo.

283 4561 325 4629 I.¹
354 4560 385 4628 1.
410 4561 447 4627 16
473 4561 672 4627 universum
696 4559 822 4626 indicat
846 4564 977 4626 motum
1001 4558 1043 4625 de
1067 4559 1138 4626 loco
1154 4562 1330 4648 superiore
1345 4562 1380 4629 in
