3240 5212
775 343 842 410 191

237 548 372 616 videtur
409 548 467 613 Αν.
504 544 642 613 1398αι
680 542 754 611 τοτὲ
782 541 840 634 μὲν
869 543 976 610 νοτίαν
1005 542 1145 635 στείχων
1174 532 1255 636 πράς
1284 539 1379 621 ὁδόν,

237 667 296 736 ubi
330 688 442 735 sermo
476 673 529 733 est
565 667 606 734 de
636 666 783 746 amesia,
820 669 878 755 qui
901 667 1024 754 pennis
1047 687 1085 733 se
1108 666 1219 733 levare
1242 665 1314 732 vult
1337 664 1381 731 ad

235 793 344 860 nubes
378 796 412 858 et
447 790 639 879 Olympum.
689 791 735 857 De
772 790 890 857 eadem
927 796 1094 878 potestate
1123 788 1381 878 praepositionis

239 911 301 982 ἀνά
341 914 384 984 of.
426 909 489 980 ἀνά
524 914 555 981 Ι;
590 914 647 982 2a
683 909 890 1008 (προσάντης
910 939 950 963 2
972 908 1132 1005 ἀνάντης,
1166 933 1252 1001 quae
1281 932 1380 980 voces

237 1042 354 1104 tamen
377 1035 468 1123 apud
493 1034 753 1123 Aristophanem
778 1057 847 1103 non
871 1033 1126 1121 inveniuntur).

281 1161 313 1227 3.
359 1160 587 1227 Directionem
612 1161 739 1227 indicat
761 1161 917 1248 pendens
939 1180 981 1226 ex
1005 1158 1118 1225 verbis
1142 1157 1319 1224 movendi:

282 1304 312 1349 a.
358 1303 436 1348 cum
471 1283 661 1349 accusativo
696 1303 881 1370 personae:
912 1282 972 1370 Eq.
998 1280 1064 1348 719
1088 1276 1190 1347 ἕλκειν
1218 1270 1299 1374 πρὸς
1325 1269 1380 1344 τὸν

237 1408 363 1503 δῆμον,
400 1409 501 1497 Vesp.
533 1408 621 1475 1197
653 1405 911 1502 προσκαλεῖσθαι
933 1397 1014 1502 πράς
1031 1404 1107 1483 τοὺς
1128 1407 1381 1502 ἀγορανόμους,

238 1539 325 1606 Plut.
350 1535 417 1604 398
441 1533 645 1626 διαπέμπειν.
693 1538 823 1616 Quibus
847 1538 926 1605 addi
950 1543 1063 1625 potest
1087 1536 1174 1604 Nub.
1200 1535 1267 1603 233
1290 1536 1314 1630 ἡ
1334 1539 1378 1628 γῆ

240 1663 313 1762 βίᾳ]
339 1661 423 1732 ἑλκει
449 1655 530 1759 πρὸς
556 1664 661 1758 αὑτὴν
689 1664 750 1758 τὴν
778 1659 898 1754 ἰκμάδα
925 1665 982 1738 τῆς
1006 1661 1196 1758 φροντίδος,
1214 1664 1273 1732 ubi
1289 1669 1381 1731 terra

238 1789 310 1855 iere
333 1801 501 1876 personae
526 1788 614 1856 fictio
639 1794 701 1855 est.

284 1911 312 1976 b.
359 1930 437 1976 cum
460 1910 654 1977 accusativo
679 1910 744 1976 rei:
771 1910 858 1977 Nub.
884 1908 950 1975 632
974 1905 1082 1975 καλεῖν
1109 1906 1192 2002 προς
1224 1907 1261 1975 ab
1292 1912 1384 2001 φῶς,

244 2037 338 2124 Vesp.
364 2037 465 2104 ason
487 2035 711 2131 προσαγαγὼν
739 2036 822 2132 πρὸς
848 2036 910 2130 τὴν
938 2034 1061 2129 ἐλάαν,
1086 2038 1163 2105 Pac.
1177 2036 1296 2117 15811,
1322 2037 1385 2104 Αν.

243 2155 380 2242 1119ο,
413 2158 489 2246 Lys.
513 2159 732 2234 229223O‚
768 2161 848 2227 itan.
873 2160 997 2226 537111.
1030 2161 1162 2226 Motum
1188 2179 1290 2247 saepe
1313 2179 1383 2226 non

240 2287 377 2351 tantum
394 2284 496 2374 dirigi
512 2286 555 2352 ad
572 2306 662 2363 rem,
680 2285 738 2351 sed
755 2307 829 2352 rem
844 2286 1034 2372 attingere,
1054 2284 1103 2351 rel
1120 2285 1224 2351 etiam
1240 2284 1385 2350 alteram

241 2419 316 2465 rem
339 2399 437 2466 alteri
454 2401 605 2485 annecti,
630 2406 773 2488 apparet
790 2423 831 2467 ex
847 2402 944 2485 locis,
970 2400 1086 2489 quales
1108 2406 1189 2467 sunt
1203 2399 1266 2488 Eq.
1284 2398 1352 2466 919
1365 2421 1387 2465 n

243 2518 378 2615 άποψῆν
393 2520 474 2615 πρὸς
488 2520 549 2615 τὴν
564 2519 732 2616 κεφαλήν,
757 2523 843 2589 Plut.
869 2521 935 2589 919
958 2520 1040 2616 πρὸς
1054 2520 1092 2588 το
1109 2520 1263 2611 μέτωπον
1282 2543 1385 2615 προσ-

241 2631 480 2740 πατταλεύσω,
516 2647 603 2716 Nub.
628 2647 744 2733 oron,
783 2647 881 2736 Vesp.
906 2648 991 2734 199,
1027 2649 1103 2736 Lys
1128 2649 1190 2734 82,
1226 2649 1384 2735 1253111,

243 2771 328 2837 Ran.
353 2769 428 2838 482.

288 2891 318 2959 4.
348 2892 374 2982 ¹)
398 2892 459 2959 Th.
484 2890 529 2958 69
543 2893 687 2982 legimus
710 2890 753 2984 ἢν
777 2891 824 2985 μὴ
843 2893 945 2986 προίῃ
965 2887 1091 2987 θύραζε
1109 2883 1188 2987 πρὸς
1207 2883 1260 2959 τάν
1280 2888 1387 2986 ἥλιον,

243 3020 303 3087 sed
333 3020 435 3087 etiarn
465 3042 505 3086 ex
537 3020 648 3087 verbis
679 3022 873 3110 quiescendi
895 3018 978 3115 πρός
1009 3042 1087 3088 cum
1110 3020 1169 3087 tali
1193 3021 1387 3088 accusativo

244 3163 345 3231 saepe
375 3141 519 3230 pendet,
552 3142 648 3231 volgo
680 3143 890 3211 reddendum
920 3165 983 3231 per
1020 3143 1101 3210 «adi
1129 3143 1170 3208 cf.
1195 3142 1238 3209 ad
1263 3141 1388 3228 solem,

244 3268 380 3354 ignem,
409 3267 600 3352 lucernam,
631 3273 781 3355 myrtum
808 3273 885 3335 cett.
918 3266 994 3356 (sed
1027 3267 1112 3334 «sub
1137 3265 1237 3354 dion).
1287 3266 1388 3335 Notio

245 3391 420 3476 movendi,
457 3413 664 3482 quamquam
701 3395 810 3482 prima
845 3414 948 3461 causa
982 3393 1083 3460 huius
1117 3391 1301 3459 accusativi
1324 3392 1393 3458 fuit

250 3516 307 3606 (cf.
336 3516 452 3583 Krebs.
479 3539 509 3605 p.
534 3516 637 3606 119),
669 3519 871 3606 plerumque
902 3519 1003 3606 plane
1025 3517 1171 3584 interiit:
1201 3516 1300 3604 Vesp.
1326 3516 1393 3583 772

250 3634 382 3731 ἡλιάσει
408 3638 491 3734 πρὸς
517 3635 631 3733 ἥλιον,
655 3640 742 3707 Eccl.
760 3639 805 3707 64
829 3641 962 3708 ἑστῶσα
989 3638 1071 3733 πρὸς
1097 3637 1153 3704 τὸν
1172 3634 1278 3732 ἥλιον,
1303 3637 1391 3705 Nub.

248 3767 331 3853 771,
356 3769 433 3836 Pac.
459 3768 525 3836 567
540 3789 581 3854 n,
606 3768 633 3834 F
636 3790 661 3834 r.
686 3767 769 3852 591;
794 3769 848 3837 Fr.
866 3770 934 3837 524
956 3767 1037 3861 πρὸς
1064 3764 1182 3859 sitm:
1207 3767 1308 3855 Vesp.
1326 3764 1394 3831 773

247 3894 329 3989 πρὸς
355 3894 393 3962 ro
419 3897 484 3989 πῦρ
506 3890 712 3988 καθήμενος,
737 3895 820 3962 Aah.
842 3895 926 3979 751,
951 3896 1027 3962 Pac.
1044 3893 1129 3961 1131
1145 3915 1197 3977 m,
1222 3892 1309 3960 Nub.
1327 3891 1395 3964 198

247 4024 329 4118 πρὸς
347 4024 402 4092 τὶιν
423 4021 526 4118 ἀέραί
544 4021 608 4099 ἔξω
628 4018 819 4119 ὃιατρίβεινε
846 4023 933 4091 Plut.
955 4022 1044 4090 1129
1067 4018 1149 4116 πρὸς
1164 4018 1226 4113 τὴν
1246 4015 1391 4113 αἰθρίαν,

287 4377 309 4444 ¹)
329 4374 372 4428 De
399 4373 449 4427 hac
474 4371 681 4444 significatione,
702 4389 769 4441 quae
788 4369 859 4442 apud
878 4369 1100 4441 Aristophanem,
1119 4372 1150 4421 ut
1169 4372 1292 4440 apparet,
1312 4366 1393 4420 etiam

250 4466 280 4519 in
306 4462 434 4518 trimetris
461 4460 595 4525 iambicis,
624 4459 688 4514 satis
715 4460 839 4530 frequens
863 4463 914 4528 est,
934 4458 963 4511 in
981 4455 1161 4529 grammaticis
1180 4462 1207 4511 et
1226 4454 1349 4510 Kiihneri
1368 4458 1397 4508 et

254 4552 368 4624 Kriigeri
387 4551 442 4606 fere
461 4555 572 4606 tacetur.
