3240 5212
864 392 908 459 ht

315 592 440 662 λοιπόν.
475 595 567 682 alep,
604 588 687 659 κατὰ
713 589 745 657 τί
754 619 761 676 ;
791 590 889 658 Pran.
914 587 1046 657 πολλῶν
1075 584 1330 657 terenuthen
1355 590 1456 656 Phar.

316 720 387 792 ἀλλ’
420 719 512 789 οὐδέν
549 744 597 788 τοι
633 709 796 814 χρήσιμον
832 717 923 786 ἔσται
958 715 1090 794 πάντας
1125 715 1227 810 αδτῖρ.
1255 716 1346 803 Blep.
1371 710 1455 781 κατὰ

316 849 358 945 δὴ
398 848 446 932 τί;
484 851 560 917 Pac.
597 847 663 916 133
697 844 802 941 ἦλθεν
838 843 908 915 κατ’
943 843 1069 943 ἔχθραν
1109 845 1206 915 ἀετοῦ
1233 841 1455 912 authoretate.

315 972 445 1051 Quibus
468 991 548 1038 oum
584 971 665 1038 locis
688 970 848 1059 componi
863 976 976 1057 potest
998 991 1079 1037 usus
1104 989 1265 1058 perrarus
1288 966 1457 1054 praeposi-

316 1099 418 1164 tionis
447 1092 523 1189 περί
545 1114 572 1160 o.
597 1115 674 1184 gen.
699 1095 791 1182 apud
816 1093 920 1161 verba
943 1093 1139 1182 pugnandi,
1164 1093 1222 1160 ubi
1245 1111 1314 1157 non
1338 1089 1390 1174 id,
1415 1088 1458 1154 de

314 1245 383 1318 quo
406 1227 595 1313 pugnatur,
620 1223 749 1289 indicat
772 1222 864 1311 (bnis
881 1255 914 1278 =
932 1222 1064 1310 causa),
1091 1227 1130 1288 ut
1153 1221 1188 1286 in
1210 1216 1284 1313 περὶ
1301 1212 1457 1310 πατρίδος

316 1347 502 1446 μάχεσθαι,
529 1351 589 1418 sed
610 1371 747 1418 oausam
764 1351 954 1435 internam,
972 1350 1062 1416 utin
1078 1346 1152 1442 περὶ
1166 1345 1271 1443 ἔριδος
1286 1339 1460 1439 μάχεσθαι

315 1477 350 1543 ll.
376 1476 420 1542 H:
445 1474 521 1542 301.
563 1472 625 1539 Hic
648 1493 730 1538 usus
755 1472 898 1539 causalis
923 1473 1058 1560 saepius
1082 1472 1230 1540 occurrit
1245 1471 1336 1560 apud
1352 1469 1457 1536 Hero-

315 1599 450 1680 dotum,
486 1594 735 1682 Thucydidem,
776 1593 969 1673 Platonem,
1000 1594 1170 1682 imprimis
1192 1588 1276 1660 κατὰ
1302 1594 1398 1659 τοῦτο
1414 1615 1456 1641 =

316 1723 537 1807 «propterea»
559 1715 656 1811 apud
682 1715 912 1799 Herodotum,
939 1717 1013 1783 vide
1038 1723 1127 1784 locos
1147 1716 1302 1784 laudatos
1318 1736 1339 1782 a
1354 1714 1457 1802 Papio

316 1865 347 1932 p.
365 1840 470 1925 4336,
488 1841 592 1907 etiarn
609 1839 700 1927 apud
716 1841 900 1928 scriptores
917 1842 1123 1927 posteriores
1139 1841 1179 1908 cf.
1198 1839 1317 1907 Krebs.
1335 1861 1366 1927 p.
1380 1837 1456 1905 139.

360 1965 391 2032 2.
439 1962 550 2030 Semel
583 1957 667 2029 κατά
700 1983 777 2029 cum
803 1963 994 2030 accusativo
1019 1983 1080 2030 suo
1105 1983 1166 2051 pro
1190 1961 1355 2029 attributo
1379 1960 1457 2028 sub-

316 2092 453 2160 stantivi
488 2095 540 2158 est
574 2088 766 2179 significans
792 2091 1070 2157 catenensem:
1095 2090 1181 2158 Eecl.
1217 2089 1283 2158 557
1306 2086 1348 2156 τὰ
1375 2084 1457 2155 κατὰ

315 2217 408 2286 πόλιν
441 2213 641 2312 πράγματα,
677 2219 767 2306 quod
793 2217 1075 2306 distinguendum
1098 2223 1151 2284 est
1174 2217 1217 2284 ab
1241 2217 1314 2286 loco
1338 2238 1455 2306 supra,

316 2349 346 2414 l:
371 2347 438 2432 ob,
463 2351 654 2413 memorato
679 2347 733 2412 Fr.
751 2345 818 2412 344
840 2341 881 2412 τὰ
913 2342 982 2412 κατ’
1012 2342 1136 2439 ἀγοράν
1165 2341 1364 2441 πράγματα7
1393 2343 1457 2417 ubi

316 2469 388 2535 sola
410 2469 503 2534 notio
526 2466 642 2534 localis
667 2467 773 2534 adest.

361 2584 476 2651 Versio
501 2603 562 2670 per
588 2583 698 2670 «quod
722 2583 847 2650 attinet
869 2583 934 2650 ad»
964 2588 1045 2672 apta
1076 2588 1143 2650 est:
1168 2582 1457 2673 Vesp.1062m

315 2703 368 2772 nul
394 2701 462 2771 κατ’
481 2702 562 2771 obeb
581 2702 622 2797 δὴ
655 2701 754 2794 μόνον
774 2702 860 2772 τοῦτ’
881 2701 995 2800 ἄνδρες
1015 2701 1259 2799 ἀνδρικώτατοι.
1292 2706 1456 2773 Attamen

316 2850 384 2897 non
419 2828 630 2896 reticendum
664 2833 734 2904 est,
771 2830 1011 2917 integritatem
1040 2829 1104 2896 loci
1128 2829 1365 2918 Aristophanis
1388 2848 1456 2895 non

220 3042 222 3046 μ
315 2951 407 3018 omni
437 2971 480 3017 ex
511 2954 608 3037 parte
638 2955 767 3017 certam
795 2971 889 3032 esse,
915 2950 979 3016 vid.
1005 2950 1107 3016 Dind.
1133 2951 1358 3018 scribentem:
1386 2946 1458 3020 «καὶ

318 3073 405 3148 «κατ’
433 3073 513 3142 atet
542 3072 599 3169 (δὴ
624 3076 759 3143 addunt
775 3075 852 3143 libri
868 3076 1069 3165 deteriores)
1093 3079 1189 3143 τοῦτο
1219 3073 1318 3167 μόνον
1342 3073 1457 3171 ἄνδρες
1550 3087 1556 3096 “

318 3200 571 3298 «μαχιμώτατοι
594 3203 679 3271 libri.
727 3203 850 3291 Recepi
873 3202 1018 3269 Bentleii
1041 3205 1296 3288 coniecturam,
1321 3206 1384 3273 etsi
1407 3205 1458 3271 in-

318 3340 478 3399 «certam.
510 3331 598 3398 Nam
621 3329 705 3395 nihil
726 3335 862 3417 praeter
885 3325 937 3395 καὶ
951 3327 1019 3396 κατ’
1034 3327 1114 3397 abab
1129 3333 1245 3411 τοῦτο,
1264 3337 1298 3398 et
1313 3332 1458 3399 fortasse

318 3473 381 3518 «ne
403 3452 467 3519 hoc
490 3451 647 3540 quidem,
672 3451 837 3538 scriptum
861 3451 905 3518 ab
933 3451 1177 3540 Aristophane,
1198 3453 1328 3542 reliqua
1343 3472 1457 3540 gram-

318 3577 452 3643 cmatici
482 3576 640 3643 lacunam
671 3576 837 3664 explentis
868 3577 1139 3645 additamentum
1167 3599 1240 3645 esse
1264 3577 1457 3644 videntur».

360 3695 391 3764 3.
442 3696 492 3764 Cf.
528 3696 645 3764 Herm.
682 3717 712 3763 o.
749 3717 776 3762 c.
809 3716 842 3784 p.
867 3696 928 3764 45:
968 3698 1140 3788 «Denique
1175 3699 1339 3789 quoniam
1375 3694 1458 3764 κατὰ

318 3839 417 3906 «per»
443 3821 513 3901 est,
530 3818 559 3884 si
574 3817 625 3896 id,
647 3819 703 3885 cui
719 3818 835 3884 addita
852 3823 903 3884 est
917 3820 1142 3908 praepositio,
1159 3821 1273 3909 ipsum
1291 3825 1457 3900 movetur,

319 3951 377 4007 «ut
401 3935 484 4006 κατὰ
509 3935 603 4032 ῥόον,
628 3939 819 4006 communis
842 3939 871 4004 is
895 3945 1010 4008 motus
1033 3947 1085 4007 est
1108 3942 1212 4008 etiam
1235 3941 1265 4008 ei
1288 3941 1347 4025 rei,
1372 3961 1458 4029 quae

318 4090 399 4158 «per
432 4071 514 4139 illud
548 4076 713 4137 versatur.
761 4067 816 4135 Sic
851 4074 931 4136 nata
966 4075 1018 4137 est
1046 4070 1103 4137 illa
1125 4071 1343 4160 significatio,
1367 4091 1457 4159 quae

321 4202 392 4262 cest
431 4195 681 4270 «secundum»,
718 4214 805 4282 quae
840 4194 1007 4262 translata
1037 4197 1079 4262 ad
1110 4216 1165 4280 ea,
1201 4216 1287 4284 quae
1311 4195 1458 4283 ahquam

319 4317 597 4384 «similitudinem
609 4315 786 4399 haberent,
800 4320 839 4382 ut
851 4311 920 4382 κατ’
931 4315 1027 4383 αἶσαν
1045 4322 1116 4384 cett
1139 4316 1251 4404 patuit
1263 4316 1456 4383 latissime».

362 4444 433 4511 Iam
464 4447 615 4531 primum
651 4443 718 4510 hue
741 4444 892 4530 pertinet
914 4444 976 4511 Av.
1000 4443 1105 4511 aton
1130 4440 1165 4517 δς
1193 4439 1307 4537 (ὅρνις)
1335 4439 1374 4509 ἂν
1403 4441 1459 4537 ἁρ-

319 4568 406 4663 μόζῃ
432 4566 505 4637 καθ’
533 4567 669 4637 ἕκαστον
697 4566 815 4661 (δεον).
841 4570 1062 4659 ‘Designalur
1085 4572 1188 4659 igitur
1205 4571 1455 4639 convenientia:
