3240 5212
772 382 840 452 153

771 719 840 788 VII.

277 906 399 975 Aeseh.
425 854 541 998 Suppl.
568 910 633 978 784
656 933 705 1001 sq.

388 1025 533 1124 ἄφυκτον
561 1027 588 1100 δ’
608 1031 710 1101 οὐκέτ’
738 1032 778 1102 ἂν
806 1033 899 1102 nebat
926 1034 1005 1131 κέαρ

386 1157 608 1256 κελαινόχρως
636 1160 672 1230 δὲ
697 1149 860 1232 πάλλεταί
886 1187 950 1255 μου
977 1163 1104 1259 καρδία.

283 1285 393 1381 Lege:
421 1288 458 1356 ab
486 1290 606 1383 φωκτὸν
635 1289 738 1361 οὐκέτ’
766 1291 806 1360 ἂν
833 1291 965 1362 πέλοιτο
992 1290 1055 1390 γάρ
1083 1299 1167 1366 eett.

762 1565 845 1634 Vlll.

277 1735 418 1806 Seutum
444 1740 598 1809 Herculis
621 1743 665 1811 ab
688 1743 835 1811 Hesiodo
858 1743 1095 1834 abrogandum
1118 1749 1179 1812 est.

782 1989 837 2056 IX.

278 2153 316 2221 In
344 2156 493 2224 comitiis
523 2157 792 2227 Atheniensibus
822 2179 891 2226 nen
914 2159 1023 2226 maier
1045 2178 1125 2246 pars
1148 2147 1192 2226 Vi
1216 2157 1379 2247 suffragia

198 2309 200 2313 ·
234 2277 417 2347 ferentium
436 2282 692 2371 requirebatur,
710 2285 771 2351 sed
786 2289 897 2351 toturn
914 2305 1033 2351 eorurn
1046 2304 1230 2351 numerum
1242 2287 1378 2351 tanturn

235 2422 308 2470 esse
333 2404 530 2474 sufficiebat.

784 2658 824 2723 X.

287 2829 455 2913 ’ἰσοτελεῖς
478 2837 622 2906 Athenis
644 2859 714 2906 nen
736 2837 1008 2906 admittebantur
1031 2838 1075 2905 ad
1098 2836 1243 2905 comitia.

775 3087 831 3154 XI.

280 3267 379 3335 iuer.
404 3266 446 3335 [οε
471 3265 558 3334 1011
578 3288 626 3356 sq.

234 3411 337 3479 porro
367 3391 544 3460 bominum
561 3397 738 3476 mentes,
763 3392 898 3480 magnis
921 3411 1008 3478 quae
1033 3388 1246 3457 montibus
1274 3388 1382 3456 edunt

234 3537 377 3606 magna,
400 3516 519 3583 itidem
543 3536 645 3604 saepe
668 3517 703 3583 in
728 3516 855 3584 somnis
878 3515 1076 3602 faciuntque
1099 3519 1308 3604 gerantque,

235 3662 336 3730 reges
359 3646 575 3729 expugnant,
599 3646 678 3709 eett.

280 3766 388 3854 Lege:

236 3910 337 3977 perro
348 3891 527 3959 hominurn
537 3896 666 3980 gentes,
679 3890 813 3980 magnis
826 3910 914 3978 quae
926 3892 970 3974 (n.
981 3889 1081 3976 plur.)
1093 3885 1268 3955 ruentibus
1276 3887 1384 3954 edunt

237 4035 379 4104 magna,
403 4016 523 4083 itidem
548 4020 626 4083 eett.

775 4261 845 4328 XII.

286 4440 354 4508 Vai.
380 4440 487 4508 Flaee.
512 4441 559 4508 2:
583 4438 659 4507 515.

284 4566 395 4655 qualis
425 4565 483 4633 ubi
513 4587 534 4634 a
557 4566 661 4655 gelidi
683 4565 809 4634 Boreas
832 4564 1039 4633 convallibus
1063 4562 1168 4631 Hebri
