3240 5212
789 384 833 450 lo

280 604 311 648 α.
361 583 446 649 Plut.
483 581 549 648 434
573 581 630 670 (el.
655 580 710 670 3b)
742 569 816 647 ἄνθ’
844 580 890 645 ὤν
917 581 1065 648 breviter
1088 583 1215 648 dietum
1242 587 1295 649 est
1318 603 1382 670 pro

236 700 307 777 οἷντὶ
333 706 475 800 τούτων,
503 703 525 775 ἅ
549 709 618 776 sive
642 704 690 775 ὅτι
707 707 766 796 (=
783 730 844 798 pro
861 730 919 784 eo,
936 709 1058 797 qnodl:
1075 709 1166 775 idern
1186 708 1252 775 dioi
1269 713 1383 796 potest

236 840 278 906 de
302 840 358 906 illo
375 826 448 903 ἄνθ’
463 835 528 918 ὤν,
546 837 635 926 qnod
651 836 820 924 Reisigius
839 835 927 903 Nub.
944 833 1035 901 l3lll
1047 856 1082 901 m
1094 835 1256 911 restituit,
1274 836 1316 902 ef.
1329 835 1380 902 ab.

280 968 308 1033 b.
357 966 437 1032 Post
468 960 566 1039 ἄλλος
599 951 672 1029 οἷντί
695 985 721 1029 c.
746 984 823 1051 gen.
847 963 1007 1050 congruit
1031 983 1109 1029 oum
1135 957 1175 1052 ἤ;
1200 960 1287 1027 Nub.
1312 960 1382 1028 653

234 1092 294 1182 (ol.
331 1090 386 1179 lib)
421 1092 467 1168 τίς
503 1089 602 1167 ἄλλος
638 1080 709 1158 niani
742 1085 871 1156 τουτουὶ
897 1091 955 1154 τοῦ
990 1084 1149 1155 δακτύλου
1175 1089 1272 1177 «quis
1294 1089 1382 1155 alius

237 1214 300 1280 nisi
325 1215 481 1304 dactylus
505 1216 605 1283 hiel»

279 1355 304 1401 α
352 1334 401 1402 De
439 1337 470 1403 vi
508 1335 769 1424 praepositionis
807 1321 879 1398 α’ντί
914 1334 1183 1421 comparativum
1210 1329 1382 1420 sequentis

235 1461 276 1527 ef.
314 1461 457 1551 Kri'rger.
496 1464 511 1547 ᾗ
541 1461 602 1529 49:
624 1463 663 1529 2:
689 1461 708 1528 7
737 1466 840 1529 lstatt
862 1459 885 1552 ἢ
910 1460 995 1547 folgt
1018 1460 1106 1525 naeli
1130 1459 1207 1525 dem
1233 1456 1379 1543 Compa-

237 1588 344 1655 «rativ
377 1589 539 1655 zuweilen
575 1576 663 1670 οἷντί,
700 1589 754 1656 die
789 1588 892 1655 Wahl
930 1587 984 1653 bei
1019 1586 1114 1652 einer
1154 1583 1381 1658 Alternative,

239 1715 341 1781 «oder
364 1704 445 1808 πρό,
477 1716 536 1783 das
559 1718 745 1785 Vorziohen
769 1717 828 1783 des
844 1714 1103 1803 Gegenslandes
1119 1709 1380 1779 bezeichnend».

281 1836 388 1903 Huius
404 1858 485 1905 usus
501 1840 592 1926 apud
608 1838 874 1927 Aristophanem
891 1835 1025 1904 nullum
1044 1834 1239 1921 exemplum
1251 1832 1382 1913 inveni,

236 1957 325 2024 illius
360 1958 445 2025 duo:
482 1960 581 2048 Vesp.
617 1959 685 2028 alo
713 1961 768 2048 (ef.
792 1960 845 2044 4ο)
870 1956 911 2050 νὴ
940 1951 987 2024 nl
1014 1953 1037 2049 ἧ
1067 1978 1122 2045 μοι
1147 1959 1290 2049 κρεῖττον
1317 1951 1384 2046 {pol

240 2088 351 2177 τηρεῖν
376 2080 523 2179 Σκιώνην
547 2074 618 2154 οἷντλ
640 2083 756 2155 τούτου
784 2090 841 2154 τοῦ
860 2076 999 2180 ιτατρύς7
1019 2105 1141 2174 «quarn
1158 2085 1248 2150 lrnne
1263 2102 1381 2148 meum

243 2216 436 2299 (lpatrem»;
473 2213 561 2282 Eoel.
597 2216 664 2282 925
697 2215 756 2305 (of.
786 2215 841 2303 llb)
868 2211 971 2289 οὐδεὶς
997 2209 1060 2307 γὰρ
1088 2209 1134 2286 ὡς
1162 2208 1200 2277 σὲ
1226 2200 1382 2304 πρότερον

238 2334 349 2404 εἴσεισ’
381 2327 450 2406 ἄντ’
478 2339 570 2430 ἐμοῦ.
619 2341 692 2420 Quo
715 2343 788 2410 loeo
811 2349 989 2429 praeterea
1014 2340 1164 2407 notabile
1181 2359 1290 2428 genus
1305 2338 1384 2404 bre·

241 2466 467 2555 vilequentiae
502 2471 671 2554 occurrit,
708 2490 789 2536 nam
823 2457 892 2535 α’ντ’
926 2467 1008 2558 ἐμοῦ
1044 2468 1174 2534 dictum
1197 2471 1249 2533 est
1272 2461 1382 2556 prol¹

127 2661 130 2666 .
243 2589 289 2667 ὡς
316 2590 377 2682 ἐμέ
409 2592 433 2682 ).

720 2785 753 2853 7.
808 2779 910 2853 llPll.

284 2967 361 3033 Vim
385 2967 525 3033 localem
550 2966 655 3033 habet
677 2965 764 3034 {lies
787 2967 982 3056 (praeterea
1005 2966 1137 3035 dnobus
1161 2966 1239 3033 loeis
1257 2987 1385 3053 magna

239 3113 318 3159 eum
341 3090 578 3179 probabilitate
602 3093 800 3159 restitutum
824 3093 904 3179 est),
931 3093 1000 3159 vim
1023 3092 1248 3179 temporalem
1264 3089 1383 3157 llll-ies.

240 3215 338 3292 Quod
361 3236 525 3282 numerus
541 3217 709 3303 posterior
724 3217 872 3303 priorem
891 3217 940 3284 ita
956 3223 1109 3305 superat,
1126 3214 1384 3282 attribuendum

239 3342 292 3403 est
315 3337 392 3404 usui
415 3336 585 3426 frequenti
610 3338 780 3405 formulae
802 3337 865 3432 apl
893 3341 970 3430 roo,
994 3358 1081 3427 quae
1097 3336 1208 3405 35-ies
1224 3337 1384 3404 occurrit.

284 3462 308 3529 I.
345 3462 431 3529 Ourn
454 3437 593 3531 notione
617 3472 729 3533 motus
753 3467 804 3532 vel
829 3467 970 3553 qnietis:
995 3464 1079 3533 Aah.
1102 3463 1169 3531 989
1183 3485 1216 3530 m
1235 3460 1383 3559 ἐκβαλεῖν

240 3588 303 3684 πρὸ
340 3593 406 3655 τῶν
440 3586 574 3685 θυρῶν,
607 3591 667 3680 Eq.
693 3591 995 3677 l05as9e01e0n.
1021 3581 1106 3659 αλλὰ
1133 3583 1206 3659 itte
1238 3578 1386 3686 φράσσαι

242 3718 305 3813 πρὶν
327 3714 439 3786 Πύλου
460 3715 587 3807 Πύλον,
610 3717 652 3814 ἥν
678 3743 730 3786 σοι
745 3719 900 3815 ἔφραζεν.
912 3719 925 3799 l
939 3714 1033 3789 Ἔστι
1048 3716 1157 3796 Πύλος
1171 3720 1235 3816 πρὶν
1250 3706 1382 3789 Πύλοιο.

240 3847 334 3914 Dem.
370 3846 400 3914 τί
432 3851 529 3915 τοῦτο
562 3847 648 3940 λέγει
680 3848 743 3943 πρὸ
772 3834 997 3938 lltla03l1q.
1026 3849 1116 3917 1023
1139 3849 1202 3943 apo
1230 3853 1290 3916 σού
1317 3846 1381 3944 γὰρ
1432 3867 1436 3873 ·

241 3958 355 4066 aiano,
391 3976 482 4064 quod
518 3977 559 4043 de
593 3998 676 4044 oane
712 3997 815 4045 sensu
846 3997 924 4044 oum
954 3977 1095 4064 proprio
1118 3983 1193 4045 turn
1216 3979 1383 4046 translato

242 4095 300 4184 [z
322 4097 376 4163 lin
399 4098 545 4186 gratiam
569 4097 764 4187 alieuius»]‚
788 4099 830 4165 de
853 4096 976 4164 Cleone
1000 4103 1132 4165 tantum
1155 4099 1384 4187 metaphorice

244 4258 450 4266 ---——

279 4376 299 4442 ¹)
327 4372 505 4430 Probabiliter
535 4374 681 4429 Palmerins
712 4375 783 4428 Ran.
816 4377 849 4428 76
877 4368 920 4431 εἶτ’
949 4379 978 4431 οὺ
1007 4376 1150 4450 Σοφοκλέα,
1182 4377 1304 4452 πρότερον
1334 4373 1386 4433 ὄντ’

240 4468 401 4547 Εὑριπίύουύ
426 4474 523 4547 μέλλεις
544 4476 664 4547 ἀνάγειν,
688 4472 758 4545 εἴπερ
778 4468 802 4546 γ’
824 4475 922 4529 ἐκεῖθεν
946 4473 984 4529 δεῖ
1002 4467 1025 4529 α’
1044 4471 1134 4546 οἴγειν,
1155 4491 1203 4543 pro
1222 4469 1273 4529 ὅντ’
1291 4474 1385 4545 reponi

240 4567 318 4622 iussit
336 4563 402 4624 ἀντ’.
