3240 5212
785 384 829 450 16

274 717 293 816 t
319 714 354 796 3.
407 714 458 796 De
483 714 769 816 praepositione
796 715 917 796 semel
942 716 1070 817 posita
1096 716 1162 798 vel
1187 717 1347 799 iterata.

285 949 314 1015 i.
361 949 473 1016 Ante
504 949 843 1037 appositionem.
892 922 900 935 ’

282 1073 367 1140 Fere
405 1094 579 1162 nunquam
621 1074 765 1151 nomini,
809 1075 901 1162 quod
939 1076 1189 1163 praepositione
1226 1076 1378 1165 regitur,

238 1199 485 1286 appositionem
508 1198 659 1264 additam
684 1197 893 1264 invenimus:

236 1328 238 1333 ·
282 1300 1379 1414 raonrenoraaaoaeaaae,eratspasapauuanaesq.

238 1444 357 1519 ἐκεῖνος
384 1442 440 1511 οὖν
467 1444 529 1539 τὴν
556 1443 671 1540 κλῆσιν
692 1445 725 1521 ές
743 1442 790 1513 δύ’
804 1446 954 1542 ημέραςλ
967 1443 1106 1541 ἔθηκεν,
1121 1446 1155 1522 ές
1168 1470 1204 1539 γε
1218 1445 1280 1541 τὴν
1295 1443 1374 1540 ἕνην

237 1597 273 1641 τε
312 1572 364 1641 καὶ
403 1573 491 1641 νέαν.
540 1573 612 1642 Hoc
646 1575 717 1642 loeo
752 1577 859 1663 igitur
894 1577 1099 1664 praepositio
1133 1580 1212 1643 ante
1246 1577 1378 1664 apposi-

237 1698 365 1765 tionem
393 1699 555 1780 iteratur,
579 1695 635 1763 illo
659 1697 840 1763 omittitur.

282 1818 366 1885 Aah.
398 1818 421 1884 5
455 1840 502 1907 sq.
527 1811 629 1909 έγῖρὸἶ
650 1814 702 1909 ἐφ’
729 1812 760 1909 ip
787 1839 824 1908 γε
855 1815 893 1884 τὸ
919 1816 1003 1913 κέαρ,
1026 1814 1229 1912 ηὐφράνθην
1258 1814 1379 1909 ἰθάιν,ρ

237 1951 303 2021 τοῖς
329 1945 427 2013 πέντε
452 1942 643 2038 ταλάντοις,
665 1945 711 2020 οἷς
734 1939 854 2013 Κλέων
875 1942 1036 2040 ἐξήμεσεν
1055 1948 1164 2035 magis
1179 1947 1378 2034 epexegesis

239 2071 400 2137 cernitur.
760 2109 762 2113 v

283 2191 342 2258 Th.
365 2189 471 2258 aeon
494 2191 577 2286 πρὸς
604 2185 856 2286 Ἀριστομάχην
881 2231 929 2241 -
950 2191 1032 2286 πρὸς
1047 2189 1172 2284 ἐκείνην
1186 2188 1248 2283 τὴν
1263 2182 1378 2284 Μαρα-

237 2315 341 2400 θῶνι,
370 2318 495 2414 ἐκείνην
524 2319 586 2414 τὴν
614 2313 802 2414 Μαραθῶνι
827 2321 938 2409 magis
962 2320 1164 2386 attributum
1192 2319 1302 2385 solum
1319 2339 1379 2405 per

237 2469 274 2515 se
303 2449 452 2535 positum
476 2447 595 2538 (igitur
612 2480 653 2506 =
670 2446 753 2543 πρὸς
780 2446 905 2540 ἐκείνην
933 2446 995 2540 την
1019 2439 1206 2540 Μαραθῶνι
1233 2439 1378 2539 Ἀριστο-

238 2571 368 2669 μάχην)
392 2597 498 2664 quam
520 2576 688 2664 appositio
712 2583 773 2644 est.
820 2575 868 2644 Gt.
894 2597 996 2664 porro
1032 2577 1074 2642 de
1097 2574 1147 2641 his
1170 2573 1322 2641 Kuhner.
1347 2571 1376 2637 H

236 2719 268 2785 p.
292 2697 374 2777 477,
397 2697 541 2786 Kruger.
567 2699 585 2780 ξ
608 2695 730 2764 68ι7.

281 2823 313 2889 2.
358 2822 472 2890 Ante
500 2821 694 2890 membra
721 2823 1064 2911 comparationis.

281 2947 559 3036 Comparationes
604 2949 696 3014 inter
743 2948 903 3032 nomina,
942 2966 1030 3036 quae
1068 2943 1377 3033 praepositionibus

236 3079 422 3163 reguntur,
450 3071 561 3139 tribus
584 3077 722 3139 tantum
746 3073 830 3140 loeis
854 3076 1048 3139 occurrunt.
1095 3070 1263 3137 Particula
1287 3089 1377 3136 eom-

237 3196 388 3284 parativa
412 3199 464 3261 est
487 3191 533 3269 ῶς
560 3187 719 3287 (ῶσπερ).
766 3193 823 3260 Bis
846 3193 1055 3281 comparatio
1071 3192 1258 3280 praeeedit,
1275 3190 1379 3256 semel

237 3323 404 3410 sequitur:
431 3322 505 3410 Lys.
529 3322 597 3390 993
621 3320 691 3390 ἀλλ’
714 3319 759 3397 ὡς
780 3320 863 3416 προς
883 3317 977 3387 εἰδότ’
1000 3317 1061 3409 ἐμὲ
1076 3316 1116 3386 σὺ
1131 3314 1266 3412 τάληθῆ
1281 3315 1375 3409 λέγε,

236 3443 296 3509 sed
319 3442 407 3511 Nub.
431 3443 497 3510 947
514 3467 537 3512 ιι
560 3445 763 3534 praepositio
795 3445 900 3511 etiam
923 3443 1021 3510 alteri
1044 3441 1200 3509 membro
1224 3440 1375 3508 additur:

235 3564 273 3631 τθ
299 3562 478 3659 πρόσωπον
506 3561 594 3634 άπαν
621 3565 674 3635 καὶ
701 3561 927 3659 τώφθαλμὼλ
948 3559 1161 3653 κεντούμενος
1183 3556 1297 3657 ὥσπερ
1321 3558 1379 3629 ὑπ’

238 3690 415 3789 ἀνθρηνῶν
422 3696 434 3779 t
461 3695 523 3762 ὑπὸ
549 3699 616 3763 τῶν
643 3700 785 3787 γνωμῶν
815 3692 995 3762 ἀπολεῖται.
1031 3693 1157 3761 Contra
1171 3692 1233 3759 Av.
1253 3690 1319 3758 537
1338 3712 1378 3778 n,

237 3818 315 3885 lieet
338 3819 487 3886 alterum
510 3819 704 3887 membrum
726 3819 1015 3906 comparationem
1039 3816 1230 3898 contineat,
1256 3813 1307 3880 vel
1331 3813 1378 3879 sie

236 3944 352 4006 tamen
376 3940 583 4028 praepositio
606 3940 652 4006 ibi
676 3940 784 4008 deest:
808 3935 945 4006 κάπειτα
964 3934 1207 4004 κατεσκέδασαν
1230 3930 1355 4027 θερμὸν
1367 3942 1379 4023 s

237 4068 333 4133 τοῦτο
367 4061 441 4133 καθ’
469 4065 561 4156 ὑμῶν
573 4071 591 4147 l
619 4062 710 4134 uduo
739 4060 853 4162 ῶσπερ
881 4063 1087 4163 κενεβρείων.
1133 4062 1378 4151 Aristophanes

237 4190 342 4279 igitur
364 4190 428 4258 hae
449 4190 486 4257 in
509 4210 563 4269 re,
588 4190 729 4258 fortasse
752 4196 864 4258 metro
888 4195 1040 4274 enacim,
1066 4191 1195 4256 certam
1220 4203 1378 4250 normam

239 4331 307 4378 non
330 4311 492 4400 sequitur.
516 4311 639 4395 Loem,
664 4311 771 4400 qualis
785 4316 882 4379 extat
896 4311 980 4377 Ran.
997 4308 1087 4377 4246
1102 4331 1151 4397 sq.
1168 4304 1206 4373 oo
1220 4299 1376 4399 ληκύθιον

240 4434 302 4532 γὰρ
330 4434 416 4504 τοῦτ’
438 4434 491 4504 ἐπὶ
513 4441 579 4512 τοῖς
601 4435 792 4532 προλόγοισί
813 4460 872 4504 σου
879 4434 891 4515 s
914 4431 1027 4531 ὥσπερ
1049 4432 1090 4503 τὰ
1114 4431 1183 4501 σῦκ’
1203 4431 1256 4501 ἐπὶ
1276 4437 1376 4500 τοῖσιν

241 4562 427 4659 ὀφθαλμοῖς
454 4564 538 4659 ἔφυ,
562 4567 632 4634 hue
653 4588 722 4633 non
739 4567 834 4634 facit:
850 4565 899 4634 ibi
915 4566 1006 4633 enim
1024 4566 1231 4652 comparatio
1247 4563 1287 4629 ad
1306 4565 1378 4628 tota
