3240 5212
791 362 833 428 70

237 552 304 620 803
320 575 360 637 n,
385 553 452 620 804
466 576 508 638 n,
532 554 620 622 Nub.
647 555 728 640 404,
754 555 819 621 407
836 577 876 638 n,
901 554 984 639 855,
1011 557 1107 642 Vesp.
1124 553 1205 639 400,
1223 553 1310 622 4487
1325 561 1383 641 nt,

237 669 313 737 Pac.
348 670 409 754 05,
445 670 507 737 Av.
543 670 627 756 404,
663 670 787 755 47544,
818 671 939 756 57744,
973 670 1097 755 73544,
1122 671 1230 744 4300,
1255 670 1383 759 Lys.1)

236 793 371 877 328111,
407 793 530 879 50844,
555 791 640 874 088,
664 796 748 862 Ran.
773 794 907 878 348444,
932 794 999 863 846
1015 800 1082 879 mt,
1107 794 1230 879 04044,
1255 795 1381 875 04044,

236 917 326 984 4088
342 941 382 1003 n,
417 918 523 997 4280,
560 920 647 986 Plut.
683 919 750 986 538
767 941 804 1004 n,
841 918 925 999 848,
958 920 1014 985 Fr.
1040 918 1114 988 748.
1141 960 1182 968 -
1207 920 1383 988 Articulus

238 1044 336 1133 volgo
375 1046 561 1111 omittitur:
602 1045 693 1133 quod
731 1050 848 1111 tamen
882 1045 1036 1132 saepius,
1072 1066 1175 1134 quam
1211 1046 1247 1112 in
1281 1066 1384 1133 prosa

237 1168 395 1254 additur,
431 1169 572 1236 subinde
608 1169 647 1236 fit
678 1174 820 1257 propter
842 1174 1001 1236 metrum.
1050 1170 1120 1237 Aut
1142 1171 1234 1236 enim
1259 1177 1384 1238 neutra

239 1289 364 1378 syllaba
398 1292 662 1379 praepositionis
696 1280 761 1356 ὑπό
784 1293 889 1360 ictum
913 1291 1019 1358 habet
1041 1290 1096 1379 (ut
1119 1313 1220 1380 saepe
1244 1271 1384 1360 inana-

236 1411 398 1498 paestis)‚
436 1418 497 1480 aut
521 1414 630 1499 prior:
656 1417 765 1480 altera
789 1418 910 1500 quater
933 1417 1070 1479 tantum
1096 1413 1228 1480 intuto
1252 1412 1383 1480 Aristo-

238 1536 366 1624 phane,
403 1558 526 1626 nempe
562 1538 660 1626 Vesp.
696 1538 860 1621 4487444,
896 1536 957 1603 Av.
985 1535 1089 1621 4300,
1115 1538 1191 1625 Lys.
1216 1535 1305 1604 4445
1329 1538 1381 1604 T?

240 1657 301 1725 Th.
332 1658 399 1725 386
416 1680 449 1725 n.
497 1659 558 1726 Av.
583 1659 673 1727 4000
696 1683 766 1729 non
790 1651 852 1728 ὑπὸ
880 1659 1089 1754 στυφοκόπου
1117 1659 1182 1733 sed
1209 1651 1264 1728 ὑπ’
1293 1660 1384 1755 ὀρτυ-

239 1775 379 1875 γοκόπον
415 1806 496 1852 vera
519 1785 617 1854 lectio
642 1792 711 1872 est,
736 1789 801 1855 vid.
826 1789 925 1857 Diod.
950 1790 1046 1874 ibid.;
1072 1790 1132 1856 Av.
1157 1789 1246 1856 4400
1269 1791 1295 1856 L
1319 1811 1384 1878 pro
1420 1792 1424 1801 '

238 1902 301 1980 ὑπδ
325 1914 509 2004 legendum
532 1919 584 1980 est
606 1902 706 2006 ὑπαὶ,
732 1915 774 1982 cf.
799 1915 874 2003 §A
900 1916 988 1999 8d.;
1013 1917 1055 1984 de
1071 1917 1147 2004 Lys.
1165 1916 1265 1983 07044
1283 1918 1384 1984 modo

240 2038 398 2104 diximus.
434 2034 535 2123 Apud
550 2037 700 2125 tragicos
723 2057 779 2103 res
802 2036 900 2104 aliter
917 2037 1081 2105 sehabet.
1116 2036 1217 2125 Apud
1233 2036 1385 2126 Aeschy-

240 2165 313 2230 lum
358 2157 496 2242 saltem,
540 2158 581 2225 de
623 2159 705 2225 locis
740 2157 799 2244 40,
836 2159 895 2227 ubi
929 2160 1029 2249 plena
1065 2160 1175 2228 forma
1209 2149 1273 2226 ὑπό
1297 2160 1385 2249 (sine

239 2285 395 2376 elisione)
419 2287 580 2372 occurrit,
605 2287 628 2353 4
643 2286 696 2354 vel
712 2286 734 2353 5
750 2276 814 2353 ὑπό
831 2287 998 2376 praebent
1014 2309 1090 2355 cum
1108 2289 1178 2356 ictu
1193 2289 1228 2355 in
1245 2293 1386 2366 neutra,

239 2409 261 2476 4
296 2409 348 2476 vel
370 2408 392 2474 5
415 2409 451 2475 444
474 2409 589 2495 priore
612 2408 758 2496 syllaba:
785 2409 943 2478 omnibus
968 2412 1088 2478 ceteris
1112 2412 1195 2479 locis
1217 2412 1325 2480 ictum
1348 2413 1385 2479 in

241 2534 350 2601 altera
373 2532 502 2621 syllaba
525 2508 687 2615 inuenies.

285 2657 506 2726 Manifestum
529 2659 791 2745 documentum,
816 2661 923 2728 ictum
941 2661 976 2727 in
994 2661 1180 2749 posteriore
1197 2662 1325 2749 syllaba
1340 2663 1384 2730 ab

241 2781 471 2868 Aristophane
494 2780 612 2859 vitari,
638 2786 734 2848 extat
758 2803 785 2848 e.
812 2804 844 2871 g.
870 2782 960 2850 Plut.
985 2781 1074 2849 4005
1098 2781 1164 2877 πρδ
1190 2787 1247 2851 τοῦ
1275 2780 1302 2851 δ’
1322 2774 1385 2852 dud

240 2908 298 2983 τῆς
311 2906 424 2982 πενίας
439 2900 557 2974 ἅπαντ’
572 2903 744 3002 έπὴσδιεν.
795 2908 1022 2976 Tribracheos
1045 2900 1109 2978 ὑπὸ
1127 2935 1169 2978 πε
1188 2928 1232 2960 -2
1257 2912 1386 2999 syllaba

241 3037 388 3105 secunda
411 3078 455 3084 —
477 3059 522 3102 πο
545 3037 654 3103 ictum
679 3036 824 3104 baberet
847 3026 972 3129 (ooo)
998 3038 1038 3104 of.
1056 3039 1139 3106 Plat.
1157 3040 1260 3129 Soph.
1273 3039 1383 3107 amo

241 3154 304 3231 ὑπὸ
337 3162 461 3240 πενίας.
508 3164 587 3231 lnde
623 3165 728 3231 etiam
752 3164 900 3248 factum,
926 3170 965 3232 ut
989 3164 1116 3255 ubique
1140 3147 1297 3257 (septies)
1322 3158 1385 3234 ὑπδ

241 3297 299 3362 τοῦ
336 3292 429 3368 δέους
464 3293 647 3389 inveniaS,¹
669 3312 838 3380 nusquam
862 3280 924 3357 ὑπδ
952 3289 1062 3373 δέους,
1089 3299 1127 3360 nt
1150 3315 1178 3361 e.
1203 3317 1234 3384 g.
1260 3296 1384 3364 Herod.

244 3423 282 3490 l:
305 3421 359 3490 85.
401 3411 483 3490 Ὑπδ
515 3423 573 3488 τοῦ
608 3417 700 3492 δέους
727 3418 821 3484 enim
845 3439 979 3508 semper
1002 3421 1138 3489 initium
1161 3428 1214 3489 est
1236 3423 1385 3490 trimetri

239 3549 390 3636 iambici,
429 3569 499 3638 quo
533 3550 607 3616 loco
643 3535 706 3613 ὑπὸ
741 3544 833 3621 δέους
856 3568 925 3615 non
948 3548 1105 3616 adhiberi
1129 3555 1280 3637 poterat,
1305 3571 1385 3618 cum

241 3671 321 3758 quia
354 3670 441 3737 ictus
476 3669 512 3735 in
548 3668 676 3756 syllaba
710 3669 899 3756 posteriore
934 3669 1079 3748 vitatur,
1115 3675 1191 3737 tum
1221 3671 1303 3759 quia
1326 3691 1386 3759 pes

242 3794 409 3862 secundus
433 3814 547 3882 neque
572 3793 763 3880 dactylum,
788 3813 900 3881 neque
924 3793 1113 3881 spondeum
1138 3794 1297 3861 admittit.

284 3917 316 3986 3.
363 3917 417 3985 Ab
453 3916 610 3984 omnibus
644 3917 724 3984 locis
759 3916 871 3983 adhuc
906 3917 1049 3984 laudatis
1080 3917 1218 3985 dillerre
1249 3920 1386 3987 videtur
1429 3917 1431 3921 ’

241 4041 317 4108 Pae.
354 4039 421 4108 445
455 4037 508 4106 καί
534 4041 591 4106 τοῦ
618 4024 734 4105 κῦκλου
760 4037 973 4132 παρέτρωγον
1001 4028 1056 4132 ὑφ’
1085 4038 1298 4136 ἁμαρτωλίας
1325 4037 1383 4133 (ut

242 4172 335 4235 recte
366 4168 491 4257 legitur
522 4188 543 4234 a
566 4167 718 4234 Bentleio
742 4187 804 4254 pro
827 4157 883 4259 ὑφ’
911 4166 1146 4261 ἁρματωλίας,
1169 4170 1243 4236 vide
1267 4171 1383 4258 Blayd.

244 4346 340 4354 --.-—
343 4348 374 4353 .-
377 4348 425 4354 ——-
428 4348 451 4354 -..

280 4463 301 4532 ¹)
319 4460 384 4533 Lys.
405 4462 456 4514 270
468 4480 487 4515 n
505 4465 672 4538 ἐμπρήσωμεν
693 4461 857 4536 αὐτόχειρες)
875 4465 962 4525 πάσας
976 4461 1027 4517 ὑπὸ
1044 4463 1128 4536 Ι,ὓήρου
1145 4470 1206 4538 μιᾶς
1219 4461 1387 4528 Moinekius,

240 4557 406 4628 nudetur,
425 4558 474 4614 ὑπὸ
493 4561 564 4613 recte
583 4556 698 4612 mutavit
715 4557 744 4610 in
763 4560 833 4618 dub:
862 4557 915 4612 vid.
936 4558 1017 4612 ctiam
1036 4557 1130 4631 Blayd.
1152 4559 1185 4614 ad
1205 4561 1231 4614 h.
1250 4559 1268 4614 l.
