3256 5220
791 357 834 424 77

237 557 311 653 περὶ
343 561 401 625 τοῦ
436 557 529 633 κννύς
563 554 627 651 (sc.
663 555 785 648 λέγων)
820 553 906 650 δάκῃ
935 563 969 624 et
1000 558 1170 646 imprimis
1192 557 1281 624 1027
1305 555 1378 647 ἐμοὶ

238 684 300 782 γάρ
327 683 394 755 ἐστ’
421 683 533 780 ὀρθῶς
559 685 634 779 περὶ
661 682 777 753 τούτου
796 689 854 752 τοῦ
873 683 986 776 κυνός,
1008 708 1075 780 pro
1093 685 1250 779 χρησμὸς
1272 682 1383 780 ὀρθῶς

237 815 364 908 λέγων,
395 815 477 893 iffi,
508 815 614 897 1012,
645 814 786 898 108603
817 813 978 909 ψήφισμα
1014 814 1104 882 Eccl.
1136 813 1205 881 811
1239 814 1276 881 τὸ
1311 813 1384 910 περὶ

240 950 306 1012 τῶν
334 942 437 1011 ἁλῶν.

284 1060 315 1126 5.
341 1058 457 1127 Verba
471 1055 700 1143 percipiendi,
716 1057 904 1146 cogitandi,
921 1057 1105 1125 attectuum
1122 1058 1235 1147 (volgo
1252 1090 1294 1117 .-
1308 1057 1383 1146 de):

239 1177 366 1250 ἀκούειν
391 1179 452 1246 Av.
467 1175 536 1242 690
551 1197 592 1255 n,
617 1175 678 1241 Th.
694 1175 781 1260 5773
806 1173 986 1267 μανθάνειν
1011 1179 1097 1247 Nub.
1112 1178 1181 1247 638
1196 1179 1291 1269 (bis),
1307 1177 1385 1257 639,

237 1310 314 1394 617,
338 1307 414 1376 081.
440 1344 482 1353 -
506 1297 653 1394 Γνῶμην
680 1301 769 1397 ἔχειν
795 1307 877 1374 Ran.
903 1306 1140 1392 1122,1121,
1169 1306 1275 1389 1136;
1299 1311 1384 1373 νοεῖν

238 1439 321 1504 Ran.
353 1434 461 1518 1126;
494 1430 675 1526 φροντίζειν
703 1435 904 1501 «meditari»
937 1434 1025 1502 Nub.
1057 1433 1139 1515 736,
1174 1433 1258 1512 7393
1285 1435 1385 1524 Vesp.

175 1583 176 1586 ’
238 1564 307 1631 559
323 1586 346 1631 n
369 1559 458 1628 τουτὶ
485 1557 558 1655 περὶ
585 1563 652 1625 τῶν
687 1557 947 1657 ἀντιβολούντων
974 1560 1062 1628 ἔστω
1094 1560 1132 1627 τὸ
1169 1559 1383 1654 μνημόσυνόν

240 1715 308 1781 μοι.
342 1731 386 1738 --
414 1686 561 1757 Δεδιέναι
588 1688 663 1782 περί
688 1713 773 1765 τινος
800 1691 1003 1758 «sollicitum
1020 1711 1094 1757 esse
1112 1690 1154 1756 de
1177 1690 1290 1778 aliqua
1309 1712 1384 1758 rei:

238 1821 325 1889 Eccl.
360 1820 428 1888 586
445 1842 468 1887 11
504 1816 576 1914 περὶ
614 1817 673 1909 μὲν
708 1819 813 1886 τοίνυν
847 1823 904 1886 τοῦ
938 1822 1141 1907 καινοτομεῖν
1174 1817 1222 1911 μὴ
1251 1816 1384 1912 δείσῃς,

241 1948 330 2016 Plut.
347 1947 415 2015 199
429 1945 516 2040 πλὴν
536 1945 570 2015 ἓν
591 1946 691 2038 μόνον
711 1947 872 2026 δέδοικα]
890 1945 997 2042 φράζε
1011 1951 1068 2014 τοῦ
1083 1946 1164 2041 πέρι.
1181 1947 1385 2037 1163111358

240 2071 330 2141 ταῦτ’
354 2072 410 2141 οὖν
438 2075 512 2172 περί
530 2100 594 2166 μου
613 2075 735 2145 δέδοικε
754 2077 802 2171 μὴ
823 2074 1001 2172 διαφθαρῶ
1016 2099 1058 2124 =
1073 2075 1145 2171 περὶ
1163 2080 1220 2143 τοῦ
1236 2072 1383 2144 θανάτου

241 2227 305 2293 μου
332 2202 465 2272 δέδοικε.
518 2203 572 2278 Cf.
601 2205 681 2300 ὑπέρ
716 2229 744 2274 ο.
776 2229 852 2298 gen.
883 2208 927 2274 11:
959 2207 997 2292 1,
1028 2205 1102 2301 περί
1131 2230 1157 2275 c.
1185 2208 1253 2273 dat.
1277 2207 1316 2272 Π.
1342 2246 1381 2256 -

240 2325 361 2399 Μέλειν
401 2332 475 2426 περί
513 2357 615 2408 τινοςτ
652 2335 729 2422 Lys.
754 2333 822 2400 502
838 2355 862 2400 n
899 2332 973 2423 ύμῖν
1010 2330 1046 2399 δὲ
1078 2327 1180 2399 πόθεν
1215 2329 1286 2424 περὶ
1326 2334 1383 2397 τοῦ

242 2458 387 2551 πολέμου
415 2466 476 2554 τῆς
503 2460 530 2528 τ’
556 2460 692 2555 εἰρήνης
719 2459 896 2554 ἐμεθιησεν.
922 2503 970 2509 -
1002 2455 1166 2529 Ἀνιᾶσθαι
1197 2458 1271 2553 περί
1300 2483 1385 2533 τινος

244 2591 460 2658 «discruciari
495 2597 638 2679 propt-er
673 2591 862 2678 aliquem:
893 2591 969 2678 Lys.
1000 2589 1067 2656 593
1083 2611 1106 2656 n
1130 2586 1202 2683 περί
1242 2592 1309 2656 τῶν
1349 2586 1384 2655 δὲ

240 2721 346 2811 κορῶν
374 2717 408 2784 ἐν
436 2722 503 2792 τοῖς
531 2713 697 2806 θαλάμαις
723 2722 965 2811 γηρασκουσῶν
994 2716 1147 2807 ἀνιῶμαι.

284 2841 320 2907 Β.
368 2839 467 2907 Cum
498 2840 662 2906 dativo,

282 2957 306 3023 l.
353 2956 454 3023 Notio
477 2955 593 3022 localis
615 2963 766 3044 quatuor
790 2956 872 3023 locis
896 2956 1022 3023 tradita
1047 2961 1108 3023 est.

285 3072 316 3139 1.
363 3072 405 3138 de
437 3071 605 3155 vestibus,
638 3071 761 3160 quibus
784 3073 859 3160 quis
891 3073 1031 3139 indutus
1061 3072 1383 3159 (1301111107111

242 3189 355 3287 ῶσπερ
383 3197 609 3287 χοιροκομεῖον
636 3190 712 3286 περὶ
738 3198 804 3268 τοῖς
825 3198 978 3287 μηροῖσιν
998 3191 1151 3285 ἔχοντες,
1168 3193 1252 3260 Ran.
1268 3193 1384 3259 329111

242 3321 316 3416 περὶ
349 3319 442 3415 κρατὶ
479 3325 531 3414 σῖρ
559 3318 702 3418 βρύοντα
730 3321 894 3416 στέφανον
924 3318 1057 3416 μύρτων
1082 3324 1124 3391 cf.
1147 3323 1262 3389 Dium:
1289 3318 1385 3414 (ιπερὶ

243 3450 301 3514 «R.
338 3449 375 3515 V.
413 3445 499 3541 ἀμφὶ
533 3449 588 3514 alii
623 3470 700 3515 cum
736 3449 914 3517 Eustathio
949 3472 980 3538 p.
1017 3451 1115 3518 1715.
1151 3449 1212 3525 62,
1248 3450 1307 3537 qui
1331 3446 1384 3514 ἐπὶ

243 3592 293 3659 «ρ.
329 3570 405 3637 701.
439 3570 493 3636 2.»
541 3569 656 3636 Prima
679 3571 796 3655 lectio,
822 3579 860 3639 ut
883 3593 946 3660 per
970 3593 1005 3639 se
1029 3573 1260 3661 intellegitur,
1286 3593 1383 3660 piae-

244 3687 387 3754 terenda
410 3690 472 3753 est.

284 3800 315 3867 2.
362 3821 440 3867 cum
465 3796 586 3895 βαίνειν
609 3801 832 3890 coniungitur
855 3802 959 3868 semel
982 3803 1017 3868 in
1037 3802 1225 3868 imitatione
1240 3800 1384 3868 oraculi:

240 3904 306 4018 Ἐς.
333 3926 473 3998 10399
495 3925 570 4020 περὶ
597 3923 766 4017 σκύμνοισι
794 3925 957 4025 βεβηκώς.

285 4057 317 4124 3.
365 4079 442 4125 cum
477 4055 605 4123 πίπτειν
640 4057 782 4147 legitur:
819 4058 897 4124 Pac.
932 4057 1001 4125 901
1024 4055 1100 4151 περὶ
1125 4061 1211 4123 ταῖσι
1238 4061 1383 4146 καμπαῖς

241 4182 369 4277 ἡνίοχοι
406 4182 625 4259 πεπτωκότες.
671 4185 768 4251 Locis
798 4184 860 4251 sub
890 4183 927 4273 1)
958 4191 994 4251 et
1016 4185 1053 4275 2)
1077 4185 1232 4272 ascriptis
1260 4185 1382 4251 modus

240 4308 474 4376 circumdandi
508 4308 599 4375 orbis
634 4309 744 4373 instar
778 4313 868 4390 erat,
904 4327 972 4373 non
1007 4308 1056 4372 ita
1090 4307 1164 4372 loco
1200 4310 1382 4394 postremo.

241 4430 429 4497 Praeterea
456 4427 530 4525 περὶ
557 4434 643 4496 ταῖσι
669 4433 814 4518 καμπαῖς
837 4428 986 4495 breviter
1009 4428 1139 4494 dictum
1163 4432 1216 4492 est
1240 4447 1300 4514 pm
1325 4427 1381 4491 «in

245 4553 554 4620 «circumvehendis
577 4553 710 4618 metis».
