3240 5212
786 379 831 446 46

235 582 323 649 Eccl.
359 580 426 647 543
450 582 485 648 αί
510 578 545 648 δὲ
573 578 614 674 δὴ
644 577 850 664 Λακωνικαὶ]
875 574 1006 672 ίρχοντο
1035 577 1119 670 μετὰ
1147 584 1206 646 σοῦ
1236 578 1320 646 κατοί
1349 577 1380 645 τί

239 709 286 802 ιν
315 705 492 804 βακτηρία

282 835 313 902 2.
360 837 510 904 Persona
537 842 571 903 et
601 857 655 902 res
686 835 874 902 abstracta:
902 833 982 900 rich.
1007 833 1070 899 bel
1090 855 1113 900 n
1137 835 1163 899 T
1187 833 1224 900 το
1252 831 1314 928 γοὶρ
1343 830 1379 900 εὖ

239 960 308 1052 μετ’
331 954 409 1052 ἐμοῦ
430 961 482 1029 καὶ
505 962 541 1029 το
567 959 708 1040 δίκαιονί
724 946 898 1053 Είμμαγον
923 957 1014 1026 ἔσται
1039 960 1094 1046 (de
1110 961 1248 1028 notione
1264 963 1381 1028 auxilii

239 1092 367 1157 (lictum
393 1098 445 1158 est
467 1092 496 1158 I:
523 1091 574 1178 4);
598 1090 687 1156 Plut.
712 1088 818 1155 545411
845 1085 891 1155 ὅτι
906 1077 1084 1180 κοσμιότης
1101 1087 1181 1154 οἰκεῖ
1192 1085 1261 1177 μετ’
1279 1079 1378 1177 ἐμοῦ,

239 1218 279 1283 cf.
304 1219 407 1284 ctiam
431 1217 492 1284 Αν.
518 1217 585 1283 455
611 1217 628 1283 ὁ
657 1213 725 1306 μετ’
752 1213 892 1311 ὀρνίθων
922 1213 1000 1313 βίος.

284 1343 314 1409 3.
361 1344 455 1411 Duae
480 1365 535 1410 res
559 1350 754 1411 concretae:
782 1345 857 1411 Pac.
882 1344 1007 1411 illue
1030 1339 1083 1408 καὶ
1099 1340 1192 1440 ταυτὶ
1216 1340 1300 1432 μετὰ
1323 1345 1381 1417 τῆς

240 1467 380 1545 σπονδῆς
415 1467 499 1567 λαβὲ
525 1466 673 1560 θᾶσσον,
710 1472 764 1538 Fr.
801 1471 863 1537 421
883 1469 966 1563 11ιῆ
1006 1468 1168 1563 δέλφακος
1200 1469 1383 1566 ὀπωρινῆς]

240 1597 392 1692 Δἠτριαίαν
421 1597 538 1693 φέρετε
566 1597 661 1692 δεῦρο
690 1594 773 1687 μετὰ
800 1595 971 1694 κολλάβων
1000 1597 1158 1693 χλιαρῶν.

284 1728 427 1815 Saepius
452 1735 641 1815 usurpatur
666 1727 767 1816 ὁμοῦ;
792 1728 878 1793 Eccl.
896 1727 963 1793 404
981 1717 1105 1822 σκόροδ’
1131 1727 1214 1816 ὁμοῦ
1234 1723 1381 1819 τρίψαντ’

240 1854 324 1946 buin,
350 1856 404 1920 Fr.
429 1853 534 1921 54811
558 1852 705 1947 πολροὺς
733 1853 758 1921 δ’
790 1852 954 1949 οὺχῆψον
989 1857 1072 1946 ὁμοῦ
1101 1852 1250 1951 βολβοῖς,
1275 1854 1381 1920 ulan

241 1981 351 2049 ἔπειτα
392 1968 585 2057 κολοκύντας
627 1984 711 2073 ὁμοῦ
752 1988 821 2058 ταῖς
862 1982 1047 2075 γογγυλίσιν
1076 1974 1215 2078 ἀ’ροῦσιν
1252 1983 1379 2071 (Blayd.

241 2103 389 2200 α’μῶσιν,
417 2111 675 2204 acerbabat-88
699 2112 761 2201 (l),
785 2112 852 2178 335
867 2134 891 2179 n
914 2112 969 2202 (l.

286 2241 385 2307 Netie
421 2241 538 2307 auxilii
573 2241 670 2308 adest
704 2241 758 2306 Fr.
795 2240 861 2306 245
897 2240 948 2307 rt
978 2225 1186 2334 μαρτύρομαι
1213 2237 1249 2307 δὲ
1278 2237 1383 2333 Ζηνὸς

241 2365 365 2461 ἑρκείου
393 2352 536 2461 χύτρας]
563 2363 637 2457 μεθ’
663 2365 708 2431 ὧν
729 2364 874 2464 ὁβωμὸς
899 2365 993 2442 οὗτος
1019 2354 1135 2462 {epita
1159 2373 1244 2436 ποτέ.
1271 2369 1381 2436 Schcl.

240 2495 328 2561 Pluti
354 2494 442 2561 trba
465 2495 570 2562 tradit
593 2493 668 2589 παρ’
689 2496 741 2570 αἷς
769 2518 829 2583 pre
855 2492 929 2585 μεθ’
957 2495 1014 2562 ὧν.
1069 2483 1171 2591 Παροί
1195 2522 1221 2563 c.
1239 2499 1306 2564 (lat.
1332 2497 1381 2561 rei

181 2646 184 2650 >
240 2615 283 2682 ab
322 2615 486 2682 trimetris
524 2618 679 2684 iambicis
719 2619 980 2706 rlristepbaneis
1015 2620 1277 2687 abiudicundum
1315 2625 1380 2694 est,

241 2737 283 2801 cl.
316 2723 408 2830 παροί
441 2758 468 2803 c.
499 2739 565 2805 dat.
591 2740 663 2805 init.
721 2740 938 2828 Quamquam
967 2762 1049 2808 sane
1085 2741 1155 2808 lieri
1185 2745 1315 2828 petest,
1345 2745 1384 2805 ut

241 2864 296 2930 bic
324 2885 442 2931 versus
467 2886 576 2953 aeque
599 2886 639 2932 ac
664 2868 757 2954 prior
784 2869 835 2952 (cl.
860 2857 979 2960 Ζηνός)
1010 2869 1185 2956 parcrliam
1218 2867 1380 2954 tragicam

241 2985 431 3068 contineat,
469 2986 518 3051 vel
551 2986 599 3051 sic
633 2992 747 3053 tamen
784 2990 993 3076 probabilius
1028 2991 1162 3056 videtur
1193 3009 1213 3052 a
1247 2987 1382 3053 librario

241 3105 316 3199 παρ’
344 3105 394 3180 αἷς
420 3127 478 3194 pre
504 3103 578 3195 μεθ’
606 3105 668 3194 ὧν,
696 3131 798 3196 quam
823 3111 911 3177 hanc
935 3111 1113 3178 lectionem
1139 3129 1200 3197 pm
1224 3109 1279 3174 illa
1303 3107 1382 3173 sub-

241 3230 398 3295 stitutam
423 3249 505 3295 esse.

235 3414 239 3423 ,
285 3348 316 3414 4.
364 3349 430 3416 Res
458 3356 616 3417 concreta
640 3359 674 3417 et
699 3373 754 3417 res
777 3351 964 3418 abstracta:
991 3353 1087 3438 Vesp.
1112 3350 1200 3416 1057
1218 3374 1238 3416 n
1264 3348 1315 3416 καὶ
1341 3346 1382 3416 τὰ

199 3530 202 3537 .
241 3464 392 3565 νοήματα
428 3471 571 3554 σώζεσίλ
604 3475 767 3568 attans
792 3464 970 3575 ἐσβάλλετέ
995 3476 1022 3544 τ’
1049 3470 1079 3553 ἐς
1105 3474 1164 3551 τὰς
1193 3475 1383 3574 κιβωτοὺς]

243 3592 326 3685 μετὰ
354 3600 419 3662 τῶν
452 3586 576 3685 μήλων.

286 3723 317 3790 5.
365 3723 495 3791 Unicus
512 3725 621 3808 locus,
640 3724 699 3790 ubi
716 3719 799 3813 μετά
816 3745 893 3791 cum
911 3726 1070 3813 genetivo
1087 3725 1179 3791 vocis
1190 3724 1382 3791 abstractae

242 3841 474 3930 coniungitur,
499 3847 593 3909 extat
616 3841 671 3909 Fr.
696 3841 762 3910 398
786 3839 838 3908 καί
859 3845 964 3935 κρῖνον
985 3838 1071 3934 αὐτὴ
1095 3839 1142 3934 μὴ
1166 3838 1235 3931 μετ’
1257 3839 1383 3935 ὀξυρεγ-

244 3956 329 4047 μίας.
357 3958 468 4025 «nulla
491 3979 569 4025 cnm
594 3959 780 4028 acerbitate
804 3963 875 4052 sive
900 3961 1106 4029 iracundia».

287 4080 324 4147 B.
371 4078 470 4147 Cum
494 4078 656 4146 dativo,

286 4187 343 4254 Bis
365 4192 519 4270 tantum,
544 4192 580 4253 et
603 4188 741 4273 quidem
764 4190 800 4255 in
816 4190 962 4274 meliciS‚
979 4188 1142 4271 occurrit,
1160 4208 1237 4254 cum
1255 4190 1384 4278 volgari

243 4307 487 4396 significatione
512 4306 610 4373 lecali
630 4309 776 4377 «internz
798 4309 887 4401 Lys.
908 4309 1009 4380 1283
1027 4329 1066 4377 m
1083 4305 1119 4383 ὃς
1139 4305 1221 4398 μετὰ
1237 4295 1382 4377 Μαινιίσι

244 4412 388 4520 Βοίκχιος
414 4423 541 4516 ὄμμασι
564 4421 698 4493 δαίεται.
746 4428 818 4499 Av.
848 4428 971 4498 25lm
1001 4426 1030 4497 L
1058 4427 1103 4492 ὧν
1131 4425 1157 4494 τ’
1185 4421 1233 4496 ἐπὶ
1253 4421 1380 4497 πόντιον

245 4544 344 4636 οἶδμα
370 4542 569 4639 βαλάσσηςί
598 4545 686 4638 φῦλα
715 4543 784 4636 μετ’
811 4537 1003 4614 α’λκυόνεσσι
1030 4552 1177 4616 ποτᾶται.
