3240 5212
787 385 832 452 18

237 587 403 654 nationem
429 585 547 670 habet,
574 585 664 652 velut
688 585 775 652 Eccl.
800 584 862 651 5n
888 581 926 651 σὲ
945 581 972 651 θ’
990 582 1024 650 ἐν
1044 579 1127 675 ἀλέᾳ
1145 582 1376 673 κατακείμενον
1439 590 1443 599 “

237 710 289 780 καί
316 708 527 807 στρώμασιν,
551 711 640 779 Ναίυ.
665 709 724 788 13,
748 710 816 778 438
832 733 873 796 n,
898 712 959 778 Αν.
981 711 1223 798 1758ῐιι,[γε.
1243 709 1380 790 328111,

236 844 322 909 Rau.
347 842 413 909 729
429 863 461 908 n.
515 840 580 907 Sed
604 839 680 906 Pac.
707 837 811 905 770n
834 835 912 906 κάπί
938 835 1087 933 τραπέζῃ
1115 835 1167 904 καί
1189 835 1378 928 ξυμποσίοις

239 989 317 1036 cum
340 967 510 1034 Meinekio
535 965 675 1054 aliisque
699 964 882 1054 legendum
905 966 1042 1033 videtur
1064 962 1122 1032 κάν
1148 987 1209 1054 pro
1232 964 1301 1037 καίε
1322 964 1377 1033 ἐπί

236 1089 328 1177 apud
360 1085 623 1174 Aristophanem
652 1085 773 1151 saltem
802 1104 974 1174 nusquam
1003 1107 1082 1153 cum
1117 1087 1231 1155 dativo
1260 1088 1380 1154 talium

239 1209 479 1278 vocabulorum
503 1207 730 1294 coniungitur,
755 1206 797 1273 cf.
823 1203 878 1272 ἐπί
900 1227 928 1273 c.
955 1206 1022 1273 dat.
1047 1207 1076 1273 I:
1102 1206 1133 1273 2.

286 1331 472 1399 Particutae
504 1330 578 1396 aaut
609 1330 676 1396 tria
706 1329 859 1417 exempla
890 1328 1021 1396 inveni:
1055 1328 1163 1394 semel
1187 1329 1379 1412 omittitur,

238 1456 288 1520 bis
312 1455 458 1520 iteratur
481 1451 701 1539 praepositio:
727 1450 786 1537 Eq.
811 1448 874 1516 191
901 1469 973 1538 sqq.
996 1449 1020 1541 ἡ
1040 1446 1239 1542 δημαγωγία
1259 1445 1321 1543 γὰρ
1342 1446 1379 1515 οὐ

237 1581 319 1675 πρὸς
347 1573 521 1670 μουσικοῦί
547 1574 591 1645 ἔτ’
614 1573 700 1644 ἐστίν
724 1573 840 1670 ἀνδρὸς
862 1573 938 1643 οὐδὲ
963 1581 1114 1671 χρηστοῦ
1128 1574 1204 1652 τοὺς
1217 1575 1376 1671 τρόπους,

238 1710 336 1797 Vesp.
372 1707 477 1775 18οα
513 1704 588 1774 οὐδὲ
625 1704 683 1796 μέν
720 1702 748 1796 γ’
784 1702 850 1772 οὐδ’
878 1704 911 1772 ἐν
940 1703 1059 1800 σελίνῳ
1087 1703 1218 1773 σούστίν
1247 1703 1313 1773 οὐδ’
1341 1706 1374 1774 ἐν

166 1834 169 1840 ’
237 1832 397 1930 πῃγάνιρ7
435 1836 495 1902 Αν.
531 1833 671 1921 otsssun
705 1831 781 1900 κούκ
815 1832 848 1909 ἐς
885 1828 1053 1928 Δελφοὺς]
1080 1832 1137 1902 οὐδ
1164 1834 1210 1910 είς
1236 1829 1380 1925 Ἄμμων’

177 2017 180 2022 .
239 1952 402 2031 ἐλθόντες.

282 2076 358 2144 Uno
382 2079 455 2143 loco
479 2079 611 2141 tantum
636 2074 783 2141 occurrit
807 2067 898 2143 οότε;
923 2075 1129 2162 praepositio
1154 2074 1206 2141 bis
1227 2076 1378 2162 ponitur:

238 2204 324 2270 Plut.
349 2202 450 2287 aaut
466 2224 488 2268 n
513 2197 580 2267 οὔτ’
603 2199 636 2267 ἐν
660 2198 752 2293 κλίνῃ
776 2196 996 2295 καταδαρθεῖν
1012 2211 1086 2280 —s
1107 2196 1174 2269 οὔτ’
1188 2200 1222 2268 ἐν
1238 2197 1378 2268 δάπισιν.

281 2330 368 2396 Item
403 2328 462 2395 ubi
498 2329 655 2395 membra
688 2329 777 2394 inter
811 2348 847 2394 se
881 2335 1054 2395 nexuntur
1077 2351 1141 2417 per
1166 2327 1270 2423 μήτεε
1296 2329 1378 2396 rich.

238 2456 305 2522 533
328 2479 375 2544 sq.
402 2453 447 2529 ὡς
475 2453 542 2549 χρὴ
562 2448 738 2548 Μεγαρέας
766 2450 851 2547 μήτε
879 2458 924 2547 γῃ
948 2452 1025 2548 μήτ’
1044 2454 1077 2522 ἐν
1098 2452 1227 2553 ἀγορῖγγ
1248 2453 1326 2552 μήτ’
1343 2455 1376 2522 ἐν

238 2579 390 2676 θαλάττῃ
407 2579 484 2676 μήτ’
500 2583 534 2650 ἐν
549 2582 678 2677 ἠπείρῳ
694 2581 818 2672 μένειν,
836 2583 895 2671 Eq.
913 2581 1080 2668 611911ου
1096 2584 1124 2650 εἰ
1139 2583 1218 2679 μηδ’
1232 2585 1266 2653 ἐν
1283 2581 1378 2683 βυθῖρ

168 2773 171 2780 .
238 2709 444 2805 δυνήσομαι]
459 2709 544 2805 μήτε
565 2715 610 2804 γῃ
636 2709 714 2805 μήτ’
734 2710 768 2778 ἐν
791 2705 944 2802 θαλάττῃ
967 2706 1134 2802 διαφυγεῖν
1153 2710 1229 2789 τοὺς
1249 2713 1377 2788 ἱππέας.

237 2841 391 2928 Utroque
425 2840 496 2906 loco
518 2839 596 2906 libri
619 2840 784 2906 exhibent
808 2835 887 2933 μίγτ>
913 2837 947 2905 ἐν
974 2841 1041 2931 rip,
1066 2843 1156 2929 quod
1179 2846 1313 2919 tamen,
1340 2847 1379 2908 ut

239 2973 388 3034 metrum
412 2968 552 3042 evincit,
578 2987 597 3032 a
621 2966 771 3033 Bentleio
795 2971 887 3033 recte
903 2972 1076 3033 mutatum
1096 2974 1148 3034 est
1166 2969 1202 3033 in
1220 2966 1306 3062 μήτε
1320 2972 1377 3061 γῃ.

281 3090 308 3154 b.
356 3086 593 3175 particulis
616 3086 922 3152 disiunctivis.

281 3212 343 3279 Hic
366 3232 499 3301 quoque
522 3211 789 3299 unumquodque
816 3230 942 3277 nomen
965 3232 1064 3278 suam
1087 3215 1375 3301 praepositionem

237 3334 355 3401 habet:
381 3333 467 3400 Nub.
492 3332 559 3399 158
582 3327 723 3398 κατὰτὸ
746 3329 840 3421 στόμ’
863 3327 953 3424 ίγιδειν
974 3331 997 3424 ἢ
1022 3329 1105 3399 κατὰ
1120 3331 1375 3429 τούρροπύγιον7

237 3460 312 3548 Lys
337 3459 356 3526 1
382 3481 442 3549 sq.‚
469 3460 549 3526 Ran.
575 3459 641 3527 186
664 3481 712 3549 sq.
740 3500 780 3508 -
797 3460 884 3527 Nub.
910 3457 977 3526 638
993 3458 1133 3555 πότερον
1152 3460 1226 3557 περί
1246 3463 1375 3558 μέτρων

236 3586 258 3680 ἢ
276 3582 412 3680 ῥυθμῶν
427 3585 450 3679 ἢ
465 3583 540 3679 περί
554 3585 656 3668 ἐπῶν,
675 3586 733 3654 ubi
748 3586 824 3680 περί
840 3592 920 3654 ante
937 3583 1075 3680 ῥυθμῶν
1093 3611 1163 3657 που
1175 3592 1377 3658 necessitate

236 3731 354 3777 versus
377 3715 553 3776 extrusum
570 3715 637 3786 est,
655 3710 714 3776 sed
730 3711 803 3796 ipso
819 3729 921 3777 seusu
937 3711 1074 3778 omissio
1091 3711 1163 3777 eius
1180 3712 1376 3799 requiritur.

236 3829 323 3898 Sunt
357 3831 447 3897 enirn
484 3831 550 3897 duo
586 3835 721 3897 tantum
757 3820 935 3898 membrai
967 3830 1071 3926 μέτρα
1108 3844 1144 3901 et
1181 3827 1303 3925 ῥυθμοί
1329 3831 1375 3902 ad

236 3952 402 4018 musicam
426 3952 612 4038 pertinent,
638 3971 727 4038 quae
751 3954 996 4039 grammaticae
1020 3955 1212 4042 opponitur.
1248 3955 1377 4022 Unicus

234 4068 325 4134 locus
347 4068 469 4155 igitur,
499 4066 559 4132 ubi
593 4066 786 4133 membrum
815 4066 959 4135 alterurn
986 4071 1240 4158 praepositione
1264 4076 1377 4154 caret,

235 4194 287 4254 est
310 4188 336 4253 F
341 4211 365 4254 r.
390 4186 457 4254 205
481 4187 525 4262 εἰς
553 4184 625 4262 tta
646 4184 899 4284 ἐμβαπτόμενος
928 4189 950 4282 ἢ
971 4187 1110 4265 λεπτοὺς
1129 4185 1231 4283 όίλαςγ
1254 4192 1313 4258 sed
1330 4191 1377 4256 ibi

235 4320 310 4402 post
334 4313 356 4407 ἢ
383 4317 480 4382 facilc
504 4316 668 4382 excidisse
691 4318 804 4404 potuit
827 4314 869 4409 ’ς,
895 4317 938 4385 cf.
961 4319 1081 4406 Blayd.
1108 4319 1147 4384 fr.
1173 4316 1248 4384 179.

281 4458 307 4503 υ.
354 4438 585 4524 particulis
619 4438 919 4506 adversativis.
949 4442 951 4446 '

282 4552 380 4619 Ultro
415 4554 623 4642 intellegitur
652 4555 934 4641 praepositionem
958 4554 1091 4630 iterari,
1123 4554 1151 4620 si
1174 4553 1241 4621 duo
1264 4574 1371 4621 enun-
