3240 5212
792 389 835 457 76

242 589 348 667 1000,
375 587 461 655 1010
477 589 569 678 (ter),
583 590 686 674 1063,
706 591 806 679 Vesp.
823 589 882 675 20;
908 585 1045 682 γνώμην
1060 587 1164 680 λέγειν
1190 590 1250 678 Eq.
1263 589 1327 656 031
1344 612 1367 656 n

242 714 339 808 λόγον
379 714 491 782 δοῦναι
525 718 614 784 Plut.
650 719 731 805 4673
767 715 865 810 λύγον
906 713 1086 793 ξυντιθέναι
1121 719 1206 784 Ran.
1231 717 1319 783 1052
1344 738 1385 801 n;
1437 710 1440 716 ’

244 839 466 934 μαντεύεσθαι
497 845 558 910 Αν.
592 845 659 912 506
676 869 715 924 n;
741 842 950 936 μεταπείθειν
983 846 1064 912 Aeh.
1089 845 1155 912 627
1171 867 1194 912 n
1202 869 1211 924 ;
1249 839 1386 933 ὀμνύναι

243 975 319 1060 Lys
341 972 422 1050 100;
449 970 667 1066 ὀνειροπολεῖν
692 976 752 1064 Eq.
770 975 889 1058 80οιι;
913 972 1077 1068 περαίνειν
1091 970 1144 1039 καλ
1159 969 1385 1040 ἀναδιδάσκειν

243 1101 329 1167 Plut.
347 1100 415 1168 563
427 1124 466 1186 n3
490 1097 702 1195 πρυτανεύειν
726 1103 809 1170 Aah.
823 1103 881 1188 603
907 1100 1134 1194 στενολεσχεῖν
1160 1101 1247 1169 Nub.
1264 1101 1330 1168 320
1344 1123 1385 1184 n3

244 1223 379 1321 φράζειν
404 1228 464 1316 Eq.
489 1228 557 1295 514
572 1252 614 1312 ιι,
638 1231 722 1296 Rau.
747 1230 791 1296 65
807 1252 859 1316 ιιι;
884 1228 1100 1325 χρηματίζειν
1125 1228 1186 1295 Th.
1210 1228 1286 1295 377.

286 1365 362 1451 [γε.
378 1363 423 1430 14
439 1361 750 1460 βουλευσομέναισιν
766 1365 803 1432 ού
822 1366 898 1462 περὶ
909 1364 1038 1461 φαύλου
1052 1363 1258 1461 πράγματος.
1284 1362 1385 1441 Quod

240 1499 283 1565 ad
316 1500 429 1567 locum
464 1503 587 1570 attinet
622 1505 816 1592 negationis
840 1504 877 1572 ού
902 1507 1049 1574 oonferri
1085 1509 1198 1593 potest
1229 1523 1314 1590 eg.
1341 1497 1381 1564 ού

242 1621 325 1714 μετὰ
352 1621 455 1718 πολύ,
484 1648 572 1715 quae
603 1628 728 1697 locutio
758 1636 879 1699 tamen
909 1632 1000 1720 apud
1032 1629 1291 1716 Aristophanem
1316 1647 1384 1694 non

239 1754 420 1820 invenitur.
438 1794 482 1801 -
498 1755 583 1822 Eeel.
609 1755 676 1822 306
698 1756 772 1852 περὶ
808 1756 994 1853 σωτηρίας]
1020 1753 1156 1849 γνώμας
1177 1753 1241 1848 (so.
1262 1752 1383 1845 λέγειν)

239 1875 387 1947 καθεῖναι
414 1885 475 1975 τῆς
506 1879 646 1959 πόλεως.
695 1885 850 1954 Schoem.
885 1888 927 1954 de
963 1887 1075 1954 eomit.
1109 1884 1231 1950 Athen.
1262 1905 1293 1971 p.
1319 1881 1385 1948 104

239 2005 410 2104 προθεῖναι
442 2013 620 2100 proposuit
650 2034 711 2100 pro
742 2010 908 2106 tolleitur,
941 2015 1032 2105 quoii
1056 2017 1296 2100 praeterquam
1320 2008 1386 2076 hoo

239 2142 310 2207 loeo
334 2159 504 2227 nusquam
527 2138 718 2224 invenitur,
739 2143 781 2208 ef.
805 2142 868 2210 401
896 2140 948 2209 καί
975 2141 1079 2206 ταῦτα
1105 2133 1180 2230 περὶ
1216 2133 1384 2229 σωτηρίας

238 2263 453 2358 προκειμένου
468 2263 694 2358 (προκείμενον
711 2274 805 2336 reete
816 2270 948 2358 Blayd.)
961 2291 1005 2336 se.
1019 2265 1222 2359 δημηγορεῖν
1236 2264 1281 2352 (ν.
1291 2262 1382 2352 400).

239 2387 382 2476 Ellipsin
411 2389 627 2455 statuendam
655 2409 746 2472 esse,
779 2391 949 2478 imprimis
980 2394 1125 2478 apparet
1158 2410 1200 2454 ex
1223 2389 1297 2454 loeo
1320 2386 1383 2452 De-

240 2510 424 2576 mosthenis
461 2531 493 2597 p.
525 2509 591 2575 160
624 2505 797 2603 προθεῖναι
832 2511 907 2607 περὶ
945 2507 1071 2579 τούτων
1100 2514 1151 2604 rip
1188 2506 1381 2606 βουλομένῳ

239 2638 378 2738 γνώμην
407 2641 661 2739 ἀποφήνασθαι.

282 2781 467 2848 Praeterea
485 2782 550 2848 huo
566 2785 742 2869 pertinent
758 2783 843 2849 haec
858 2746 1089 2850 substantiva:
1116 2778 1197 2877 βυίγε
1214 2779 1299 2846 th.
1316 2778 1384 2846 546

238 2906 280 3000 ἦν
309 2906 336 2975 δ’
373 2906 412 2975 ἂν
440 2909 463 3002 ἡ
500 2907 593 2983 πόλις
627 2907 713 2976 πλέα
744 2949 789 2958 -
821 2908 896 3004 περί
926 2906 1132 3004 τριηράρχου
1165 2905 1266 3004 βοῆς7
1291 2907 1383 2995 quod

237 3031 428 3099 Brunolrius
463 3032 613 3099 breviter
648 3033 776 3100 dietum
812 3053 887 3099 esse
923 3039 1039 3100 censet
1071 3054 1131 3121 pro
1158 3029 1383 3099 «elamoribus

237 3157 279 3222 de
302 3157 498 3224 triremium
523 3158 685 3246 eligendis
709 3158 926 3244 praefactis».
953 3157 1057 3235 Quasi
1080 3179 1150 3224 non
1166 3158 1234 3224 iam
1253 3157 1382 3224 dudum

237 3279 400 3365 assignati
424 3280 554 3345 essenti
581 3249 698 3365 Blayd.
723 3280 870 3346 oonieoit
893 3277 967 3374 περί
984 3276 1198 3374 τριηράρχων
1223 3283 1259 3345 et
1275 3279 1382 3344 vertit

239 3419 358 3465 «suum
383 3400 527 3487 quisque
544 3399 771 3467 trierarchum
789 3401 946 3468 elamat».
971 3403 1116 3470 llultum
1129 3408 1247 3469 tamen
1264 3399 1381 3466 dubito

236 3523 284 3585 ita
308 3520 593 3607 praepositionem
617 3518 691 3614 aspi
714 3529 806 3589 reete
830 3523 965 3591 habere.
1000 3523 1048 3592 Ut
1071 3543 1205 3590 meeum
1229 3542 1381 3589 commu·

237 3640 362 3706 nieavit
387 3642 438 3706 vir
461 3642 667 3711 clarissimus
693 3664 757 3709 van
782 3642 1008 3721 Herwerden‚
1037 3648 1098 3710 aut
1120 3642 1305 3732 legendum
1328 3645 1382 3706 est

237 3760 311 3855 περί
341 3759 583 3856 τριηράρχους,
619 3786 721 3832 sensu
756 3765 868 3847 locali,
905 3769 966 3831 aut
1005 3786 1083 3833 eum
1124 3764 1272 3850 Bergkio
1311 3782 1379 3829 uno

236 3891 397 3958 vocabulo
421 3891 641 3958 scribendum
666 3888 958 3986 περιτριηράρχου.

281 4026 401 4094 Porro:
437 4024 530 4100 κλέος
560 4027 640 4094 Aah.
674 4028 794 4113 64οι];
829 4026 926 4119 λόγος
957 4030 1032 4116 Lys.
1057 4027 1140 4106 858,
1169 4028 1251 4093 Rau.
1276 4024 1320 4092 87
1337 4055 1378 4082 =

237 4152 302 4219 107
325 4185 356 4209 =
377 4153 391 4220 l
400 4154 459 4238 1153
483 4153 662 4249 περίπατος
680 4187 721 4213 z
739 4159 929 4246 disputatio
952 4158 1035 4223 llan.
1058 4155 1125 4223 053
1142 4179 1181 4239 ιι;
1207 4153 1295 4221 Nub.
1312 4149 1379 4219 400

238 4275 316 4346 ύταν
343 4304 371 4347 τι
397 4279 620 4379 πρυβάλιυμαι
648 4276 750 4377 συφδν
778 4283 853 4380 περὶ
879 4290 945 4352 τῶν
976 4283 1169 4379 μετεώρων.

282 4416 439 4505 Denique
475 4419 601 4506 ellipsis
635 4420 785 4486 notanda
809 4427 860 4488 est
882 4421 918 4486 in
940 4441 1005 4487 usu
1028 4419 1269 4488 vocabulorum
1295 4445 1378 4515 χρη-

237 4548 320 4641 σμός
356 4558 392 4623 et
419 4550 590 4647 ψήρισμα7
626 4555 666 4621 ef.
704 4554 764 4643 aq.
797 4554 887 4622 1020
910 4552 964 4621 ίνα
992 4553 1040 4649 μίγ
1070 4551 1103 4644 μ’
1131 4556 1148 4622 ὁ
1176 4558 1332 4653 χρησμδς
1360 4560 1376 4626 ύ
