3240 5212
856 363 923 437 126

394 683 466 784 §a
507 683 559 765 De
584 683 941 785 praepositionibus
967 686 1091 786 primi
1120 686 1204 767 sire
1233 687 1379 767 summi

674 813 817 915 gradus
843 814 1099 916 frequentiae.

766 1045 798 1114 1.
839 1039 893 1119 Ἐς
922 1039 1021 1139 (Εἰς).

366 1264 390 1337 1.
430 1263 486 1344 Εἰς
520 1270 552 1336 vi
589 1269 683 1336 locali
720 1267 913 1355 praeditum
948 1267 1116 1356 signifieat
1148 1269 1372 1337 directionem
1401 1270 1457 1338 vel

318 1399 446 1460 metum
473 1394 507 1458 in
529 1391 640 1458 leeum
664 1389 822 1477 aliquem.
859 1387 973 1455 Seiam
990 1389 1211 1457 directionem
1232 1391 1457 1479 indicatpen-

316 1515 398 1580 deus
427 1534 469 1580 ex
493 1511 606 1578 verbis
631 1510 780 1594 videndi,
807 1507 935 1605 βλέπειν
960 1513 1034 1578 eim.
1074 1510 1123 1578 De
1147 1517 1245 1579 motu
1271 1520 1457 1601 usurpatur

314 1637 535 1703 coniunctum
566 1654 645 1701 cum
676 1631 787 1699 verbis
816 1633 919 1700 eundi
950 1633 1111 1722 aliisque;
1136 1633 1205 1699 sive
1228 1634 1305 1722 quis
1328 1634 1398 1700 iam
1421 1633 1457 1700 in

313 1760 426 1846 ipsum
449 1757 561 1824 lerum
585 1753 788 1842 processisse
806 1755 992 1842 cogitatur,
1016 1754 1111 1821 velut
1132 1753 1191 1842 Eq.
1215 1751 1279 1820 281
1294 1776 1317 1821 n
1340 1752 1456 1849 ἐσδρα-

315 1883 386 1977 μὼν
415 1884 448 1959 ές
475 1882 511 1950 τδ
538 1886 749 1976 πρυτανεῖονε
776 1881 845 1947 sive
868 1886 1006 1948 tantum
1030 1882 1074 1949 ad
1099 1881 1222 1963 vicina,
1250 1883 1343 1950 velut
1367 1883 1455 1952 Nub.

314 2015 379 2082 142
402 2008 474 2106 ἥκω
509 2006 668 2104 μαθητὴς
702 2009 734 2084 ἐς
774 2008 811 2076 τδ
840 2006 1112 2104 φροντιστήριον,
1149 2008 1208 2101 ubi¹
1243 2007 1456 2099 Strepsiades

313 2137 466 2204 nendum
491 2135 621 2202 introiit
637 2135 794 2219 demum,
820 2133 879 2201 sed
895 2133 939 2200 ad
955 2133 1044 2201 fores
1060 2110 1206 2200 assistit:¹
1224 2133 1295 2198 sive
1310 2132 1456 2222 denique

178 2320 181 2327 .
313 2260 359 2326 nil
382 2258 447 2326 nisi
471 2262 585 2324 metus
608 2256 829 2344 exprimitur,
857 2256 950 2323 velut
977 2255 1065 2323 Ναίν.
1090 2253 1157 2321 128
1182 2249 1323 2349 βαδίζων
1356 2253 1390 2329 ἐς
1418 2254 1456 2321 τδ

314 2382 575 2480 φροντιστήριον.
611 2381 754 2468 Semper
770 2386 887 2447 tamen
905 2380 1070 2448 eiusmodi
1086 2380 1167 2447 loeis
1184 2381 1455 2470 intellegendum

313 2515 364 2576 est
386 2507 539 2575 intrandi
563 2503 751 2573 eonsilium.

357 2632 505 2700 Additur
522 2627 575 2720 ἐς,
592 2630 832 2714 praeterquam
847 2622 1019 2690 vocabulis
1034 2623 1145 2690 laeum
1158 2622 1453 2712 significantibm,

312 2754 508 2824 nationibus
530 2753 639 2820 hisee:
664 2743 834 2843 ἐκκλησία,
858 2748 941 2815 Aah.
966 2747 1027 2832 28,
1052 2749 1111 2837 Eq.
1134 2746 1201 2814 935
1213 2769 1253 2831 n,
1278 2749 1363 2816 Eeel.
1389 2749 1455 2836 84,

313 2882 395 2961 271),
426 2879 556 2964 raam,
588 2877 672 2959 352,
697 2878 815 2962 aeon,
841 2876 920 2960 7403
949 2873 1054 2972 βουλή
1078 2876 1138 2964 Eq.
1164 2876 1247 2961 475;
1274 2874 1452 2968 ξυμπόσιον

316 3008 411 3097 Vesp.
425 3005 530 3089 10053
556 3001 676 3098 δεκάτη
705 3002 876 3098 παιδαρίου
901 3004 1099 3089 Aeaeam
1124 2999 1231 3095 γάμος
1255 3005 1452 3091 Paetum,

310 3135 415 3220 1296;
438 3131 619 3229 πανήγυρις
643 3133 719 3200 Pae.
733 3132 799 3200 342
812 3154 852 3216 n;
877 3125 975 3228 χαράς
998 3133 1059 3223 Eq.
1072 3133 1139 3200 559
1151 3157 1204 3212 m,
1221 3135 1308 3203 Nub.
1322 3135 1451 3221 aeta,

312 3262 371 3328 Th.
389 3260 473 3328 1137
486 3284 537 3341 m,
556 3263 611 3329 Fr.
624 3260 691 3328 314
703 3282 756 3344 m;
780 3255 894 3338 κύκλος
918 3263 978 3328 Th.
992 3261 1059 3328 954
1072 3283 1127 3345 m3
1151 3257 1240 3338 τάξις
1257 3265 1317 3330 Αν.
1331 3262 1452 3347 4Οίλη;

310 3386 444 3484 κόρακες
457 3390 498 3456 σί.
512 3389 618 3473 Ιε2ά;
637 3387 781 3483 μακαρία
796 3390 855 3479 aq.
869 3388 975 3474 1151;
990 3386 1147 3485 μακάρων
1163 3388 1290 3484 εὐωχία
1304 3390 1386 3457 Rau.
1397 3389 1451 3457 85.

356 3520 596 3586 Accusativum
613 3538 779 3603 personae
797 3519 885 3607 regit
899 3557 940 3566 —
955 3525 1197 3608 praeterquam
1213 3520 1304 3608 apud
1322 3513 1450 3612 βλέπειν

309 3648 369 3736 Eq.
387 3645 504 3722 aean,
522 3645 621 3733 Vesp.
636 3644 702 3711 613
715 3666 758 3730 ιι,
775 3646 836 3712 Αν.
854 3644 974 3730 aean,
991 3647 1077 3714 Rau.
1095 3647 1178 3732 499,
1196 3647 1279 3727 562,
1297 3638 1449 3713 ἐπινεύειν

310 3774 369 3863 Eq.
392 3772 508 3855 turn,
544 3768 733 3866 καραδοκεῖν
769 3772 828 3861 Eq.
853 3769 921 3837 663
943 3810 988 3819 —-
1011 3770 1212 3840 adiunctum
1249 3773 1303 3840 his
1342 3773 1452 3841 verbis

310 3903 413 3970 eundi
449 3907 484 3968 et
519 3900 695 3968 movendi:
733 3899 810 3966 Pae.
841 3896 908 3964 128
944 3888 1087 3963 ελαάνειν
1115 3889 1145 3973 ἐς
1171 3893 1289 3992 θεοὺς,
1322 3900 1394 3970 130
1421 3891 1452 3975 ἐς

309 4024 407 4103 «θεοὺς
435 4025 631 4119 ἀφιγμένος,
664 4026 734 4095 132
762 4020 867 4118 ἧλδεν
895 4015 926 4099 ἐς
951 4020 1050 4100 itae&
1074 4026 1156 4114 (non
1173 4047 1257 4115 epus
1277 4032 1330 4095 est
1346 4028 1452 4116 igitur

311 4163 350 4224 ut
373 4157 434 4223 Av.
458 4154 526 4223 843
549 4152 674 4249 κήρυκα
704 4150 739 4220 δὲ
765 4151 896 4246 πέμψον
923 4152 979 4219 τδν
1009 4150 1067 4243 μὲν
1096 4145 1126 4228 ἐς
1153 4148 1252 4228 θεοὺς
1279 4149 1349 4219 άνω
1374 4175 1451 4222 cum

310 4282 474 4349 Meinelrie
490 4282 642 4372 legamus
667 4280 744 4373 ὡς),
769 4282 853 4348 Rau.
873 4280 936 4348 187
960 4272 990 4356 ἐς
1005 4274 1206 4378 Κερβερίους
1233 4279 1291 4370 (ef.
1316 4272 1348 4347 ἐκ
1364 4282 1395 4348 I:
1416 4280 1450 4359 1,

308 4401 339 4474 ἐν
363 4410 395 4476 I:
420 4411 470 4497 5),
494 4410 560 4477 327
573 4432 608 4477 m
632 4402 708 4476 ἐλδὲ
724 4449 770 4458 -
788 4407 897 4484 ὁσίους
913 4401 943 4484 ἐς
958 4405 1146 4498 θιασώτας,
1171 4409 1247 4477 Pae.
1271 4408 1337 4476 882
1354 4431 1449 4475 κατα-

311 4536 458 4633 βήσομαι
498 4535 560 4631 γάρ
602 4536 700 4613 αδτδς
742 4530 773 4613 ἐς
810 4537 931 4627 μέσους
968 4535 1076 4629 άμυν,
1103 4537 1163 4603 Au.
1189 4537 1277 4605 1668
1301 4534 1369 4630 ἥδη
1400 4532 1449 4602 σά
