3240 5212
792 382 837 450 32

243 576 463 666 distinguitur
493 600 513 645 a
542 576 636 672 περί;
670 584 723 646 est
753 582 844 647 enirn
871 583 933 650 «ab
964 589 1111 673 utraque
1148 592 1284 674 parte»,
1308 588 1385 683 περί

246 698 307 765 «ab
331 700 489 767 omnibus
513 701 699 788 partibus».

289 820 327 886 II.
375 821 551 890 Translato
585 845 687 892 sensu
712 822 800 916 ἀμφί
822 828 1052 894 accusativum
1080 831 1168 917 regit
1191 852 1378 918 personae,

242 948 333 1014 circa
367 969 470 1036 quarn
507 951 648 1017 alicuius
683 972 796 1018 sermo
826 958 999 1021 versatur:
1024 953 1120 1024 Ran.
1153 954 1228 1027 215
1254 978 1293 1026 m
1318 957 1383 1026 ἀοι-

243 1071 406 1155 δὰν....ί
431 1072 473 1168 ἣν
502 1074 589 1170 ἀμφὶ
615 1071 786 1171 Νυσήιονί
819 1073 895 1154 Διδς
922 1074 1089 1147 Διώνυσον
1118 1081 1151 1149 ἐν
1160 1085 1178 1157 l
1207 1080 1382 1175 Λίμναισιν

242 1201 420 1298 άχήσαμεν
456 1226 542 1293 «qua
573 1206 722 1293 Nyseurn
746 1206 832 1273 Iovis
864 1207 969 1275 filiurn
995 1209 1163 1278 Bacchum
1195 1212 1231 1279 in
1255 1213 1383 1282 Limnis

241 1327 481 1394 cantavimus.»
530 1326 579 1394 De
601 1324 697 1396 Nub.
725 1325 799 1397 595
817 1347 856 1395 m
878 1327 908 1397 1.
932 1329 974 1396 cf.
1000 1329 1038 1397 Α.

717 1591 749 1660 2.
803 1583 906 1659 ΑΝΑ.

284 1807 395 1876 Octies
420 1806 584 1890 occurrit,
609 1805 735 1894 ubique
758 1828 882 1895 regens
906 1810 1147 1878 accusativum.

283 1930 307 1997 I.
332 1929 362 1996 1.
402 1921 477 1997 Ἀνά
501 1950 527 1994 c.
545 1928 612 1994 dat.
637 1929 729 2015 apud
756 1928 940 1996 Homerum
961 1930 1111 2018 quietem
1132 1932 1165 1998 in
1185 1933 1256 2000 loco
1273 1935 1381 2022 edito,

240 2057 298 2126 ubi
320 2059 398 2146 quis
422 2062 595 2137 versatur,
633 2055 759 2122 indicat
783 2056 824 2122 cf.
852 2057 886 2123 ll.
911 2060 948 2134 ξ.·
983 2057 1050 2124 352
1074 2055 1148 2125 εόδε
1174 2058 1287 2154 πατὴρ
1316 2058 1380 2128 ἀνὰ

239 2180 405 2279 Γαργάρῳ
433 2178 535 2277 ἄκρῳ,
564 2194 601 2252 et
628 2177 692 2249 άνοί
715 2204 742 2248 c.
762 2203 829 2250 acc.
848 2188 979 2251 motum
1004 2185 1046 2251 dc
1070 2185 1142 2252 loco
1166 2186 1326 2255 inferiore
1347 2189 1382 2255 in

239 2314 466 2401 superiorem,
501 2311 560 2399 qui
594 2310 680 2376 hanc
715 2309 865 2397 quietem
889 2311 1071 2396 praecedit,
1108 2311 1149 2378 cf.
1176 2312 1213 2378 ΙΙ.
1249 2335 1286 2379 κε
1316 2312 1383 2380 466

239 2436 341 2534 θῆκεν
362 2435 425 2507 άνδι
446 2436 583 2532 μυρίκην
604 2441 669 2523 (sc.
689 2431 731 2501 τά
751 2433 881 2529 ἔναρα).
908 2436 1018 2503 Huius
1042 2457 1123 2503 usus
1147 2439 1236 2525 apud
1253 2438 1383 2507 Aristo-

238 2568 388 2656 phanem
423 2571 516 2632 extat
550 2584 655 2631 unum
682 2564 893 2652 exemplum:
920 2562 1001 2630 neh.
1028 2562 1094 2630 796
1117 2567 1239 2657 κρὴςί.
1257 2617 1265 2632 .
1282 2614 1313 2632 ..
1342 2563 1381 2632 άν

237 2693 293 2761 τδν
322 2689 433 2759 caetu
463 2687 734 2783 ἀμπεπαρμένον.
783 2688 831 2756 Ut
853 2694 1012 2776 apparet,
1049 2685 1113 2756 ἀνά
1148 2712 1174 2758 c.
1211 2714 1277 2760 acc.
1312 2714 1381 2760 non

237 2817 347 2884 solum
373 2827 504 2881 motum
528 2813 572 2879 ad
596 2832 759 2879 cacumen
784 2810 844 2877 sed
869 2811 973 2877 etiam
990 2813 1219 2880 annexionern
1237 2813 1380 2898 indicat,

237 2961 430 3030 congruens
455 2959 531 3006 curn
556 2942 674 3004 nostra
698 2934 950 3024 praepositione
977 2957 1092 3002 caan.»

282 3064 313 3132 2.
337 3087 368 3131 α.
406 3064 512 3130 Porro
548 3065 733 3149 usurpatur
768 3060 809 3125 de
844 3066 957 3136 motu,
995 3062 1054 3149 qui
1089 3083 1151 3151 per
1186 3063 1311 3130 acclive
1338 3063 1381 3129 ad

236 3191 392 3257 altiorem
410 3188 524 3254 locum
542 3185 766 3274 protenditur,
784 3190 969 3266 tumuere,
987 3186 1018 3251 vi
1035 3188 1173 3274 propria
1189 3186 1381 3269 debilitata,

235 3311 340 3377 etiarn
363 3309 404 3375 de
438 3313 532 3373 motu
563 3327 624 3392 per
646 3303 800 3393 quamvis
823 3303 1017 3391 planitiem:
1050 3307 1135 3374 Ran.
1160 3305 1226 3374 326
1242 3330 1278 3375 m
1303 3303 1382 3374 ἐλθὲ

236 3431 322 3504 τόνδ’
344 3431 407 3502 aa&
429 3430 577 3522 λειμῶνα
598 3426 792 3526 χορεόσιονί
820 3429 928 3506 ὁσίους
950 3431 983 3506 ἐς
1007 3427 1196 3526 θιασώτας,
1223 3436 1282 3503 ubi
1306 3438 1380 3504 iun.

236 3563 347 3653 genda
371 3568 450 3630 sunt
473 3555 557 3627 τόνδ’
583 3556 646 3627 ἀνά
665 3558 812 3649 λειμῶνα
829 3555 1011 3653 χορεύσων.
1037 3562 1120 3629 Ran.
1144 3561 1208 3629 44¹1
1230 3585 1260 3628 in
1288 3563 1380 3651 (bis).

240 3689 311 3756 Huc
345 3688 426 3755 facit
459 3689 563 3756 etiarn
598 3689 658 3755 Αν.
683 3686 773 3754 1378
799 3686 830 3754 τί
856 3686 952 3783 δεῦρο
979 3686 1066 3756 πόδα
1094 3685 1134 3756 σδ
1162 3687 1277 3757 κυλλδν
1313 3686 1376 3758 άνδι

236 3809 350 3880 κόκλον
382 3811 523 3895 κυκλεῖς,
566 3815 608 3880 de
644 3819 756 3898 motu,
793 3816 852 3904 qui
887 3816 1004 3883 orbern
1041 3816 1257 3900 describam,
1298 3838 1378 3906 pro-

237 3937 400 4027 greditur.

282 4063 309 4128 b.
345 4059 417 4130 Av.
454 4058 552 4130 1265
569 4079 608 4127 m
637 4066 756 4126 contra
788 4080 900 4127 sermo
932 4067 1077 4129 estnon
1103 4062 1379 4147 dehominibus,

236 4187 296 4276 qui
331 4185 397 4252 iter
419 4185 565 4267 iaciunt,
590 4183 649 4252 sed
673 4185 730 4271 qui
755 4184 900 4272 dispersi
925 4191 1005 4254 sunt
1027 4207 1088 4275 per
1111 4192 1259 4255 terram:
1284 4188 1380 4254 adest

236 4307 341 4395 igitur
364 4306 457 4373 notio
479 4306 618 4395 quietis:
646 4302 733 4399 μηδέ
758 4301 816 4372 τιν’
833 4361 839 4374 .
920 4303 983 4375 ἀνά
1006 4304 1228 4375 δάπεδον
1251 4305 1378 4404 βροτῶν

238 4427 395 4523 (δάπεδον
419 4434 450 4500 h.
476 4434 495 4499 l.
521 4465 549 4488 =
572 4436 634 4527 γῆς
659 4431 777 4525 πέδον,
804 4436 878 4502 vide
903 4436 1004 4503 Kock.
1029 4437 1071 4503 ad
1097 4436 1128 4501 h.
1154 4436 1200 4525 1.).

284 4555 321 4619 ll.
369 4553 399 4620 1.
446 4553 557 4622 Sensu
593 4556 824 4642 metaphorico
860 4557 983 4623 dicitur
1019 4557 1121 4624 semel
1158 4557 1200 4623 de
1231 4557 1378 4637 actione,
