<?xml version="1.0" encoding="UTF-8"?>
<!DOCTYPE html PUBLIC "-//W3C//DTD XHTML 1.0 Transitional//EN"
    "http://www.w3.org/TR/xhtml1/DTD/xhtml1-transitional.dtd">
<html xmlns="http://www.w3.org/1999/xhtml" xml:lang="en" lang="en">
 <head>
  <title>
</title>
<meta http-equiv="Content-Type" content="text/html;charset=utf-8" />
  <meta name='ocr-system' content='tesseract 3.04.00' />
  <meta name='ocr-capabilities' content='ocr_page ocr_carea ocr_par ocr_line ocrx_word'/>
</head>
<body>
  <div class='ocr_page' id='page_1' title='image "./depraepositionu00montgoog_0043.png"; bbox 0 0 3240 5212; ppageno 0'>
   <div class='ocr_carea' id='block_1_1' title="bbox 699 363 839 462">
    <p class='ocr_par' dir='ltr' id='par_1_1' title="bbox 699 363 839 462">
     <span class='ocr_line' id='line_1_1' title="bbox 699 363 839 462; baseline -0.007 0"><span class='ocrx_word' id='word_1_1' title='bbox 699 363 839 462; x_wconf 70' lang='lat' dir='ltr'>&#39;eo</span> 
     </span>
    </p>
   </div>
   <div class='ocr_carea' id='block_1_2' title="bbox 170 591 1386 1931">
    <p class='ocr_par' dir='ltr' id='par_1_2' title="bbox 243 591 1386 939">
     <span class='ocr_line' id='line_1_2' title="bbox 244 591 1386 685; baseline -0.003 -22"><span class='ocrx_word' id='word_1_2' title='bbox 244 595 335 664; x_wconf 85' lang='grc'>1076</span> <span class='ocrx_word' id='word_1_3' title='bbox 357 595 443 685; x_wconf 81' lang='lat' dir='ltr'>(L.);</span> <span class='ocrx_word' id='word_1_4' title='bbox 480 591 604 663; x_wconf 81' lang='grc' dir='ltr'>ποττάν</span> <span class='ocrx_word' id='word_1_5' title='bbox 636 595 720 662; x_wconf 90' lang='lat' dir='ltr'>Acb.</span> <span class='ocrx_word' id='word_1_6' title='bbox 746 593 811 662; x_wconf 84' lang='lat'>783</span> <span class='ocrx_word' id='word_1_7' title='bbox 835 593 923 682; x_wconf 67' lang='lat' dir='ltr'>«Ml,</span> <span class='ocrx_word' id='word_1_8' title='bbox 953 593 1030 681; x_wconf 85' lang='lat' dir='ltr'>Lys.</span> <span class='ocrx_word' id='word_1_9' title='bbox 1056 592 1145 661; x_wconf 84' lang='grc'>1006</span> <span class='ocrx_word' id='word_1_10' title='bbox 1168 593 1260 683; x_wconf 80' lang='lat' dir='ltr'>(L.);</span> <span class='ocrx_word' id='word_1_11' title='bbox 1284 591 1386 661; x_wconf 79' lang='grc' dir='ltr'>ποττό</span> 
     </span>
     <span class='ocr_line' id='line_1_3' title="bbox 243 716 1381 814; baseline -0.001 -24"><span class='ocrx_word' id='word_1_12' title='bbox 243 723 328 790; x_wconf 90' lang='lat' dir='ltr'>Ach.</span> <span class='ocrx_word' id='word_1_13' title='bbox 360 722 423 791; x_wconf 87' lang='grc'>751</span> <span class='ocrx_word' id='word_1_14' title='bbox 460 725 544 814; x_wconf 77' lang='grc' dir='ltr'>(Μ),</span> <span class='ocrx_word' id='word_1_15' title='bbox 581 724 657 811; x_wconf 80' lang='lat' dir='ltr'>Lys</span> <span class='ocrx_word' id='word_1_16' title='bbox 685 721 752 789; x_wconf 88' lang='grc'>117</span> <span class='ocrx_word' id='word_1_17' title='bbox 760 720 857 810; x_wconf 85' lang='lat' dir='ltr'>·(L.);</span> <span class='ocrx_word' id='word_1_18' title='bbox 882 716 1006 796; x_wconf 84' lang='grc' dir='ltr'>ποττάς</span> <span class='ocrx_word' id='word_1_19' title='bbox 1030 722 1109 810; x_wconf 82' lang='lat' dir='ltr'>Lys</span> <span class='ocrx_word' id='word_1_20' title='bbox 1133 720 1224 789; x_wconf 75' lang='lat' dir='ltr'>lact</span> <span class='ocrx_word' id='word_1_21' title='bbox 1239 744 1274 788; x_wconf 93' lang='lat' dir='ltr'>m</span> <span class='ocrx_word' id='word_1_22' title='bbox 1298 723 1381 811; x_wconf 60' lang='grc' dir='ltr'>(ως</span> 
     </span>
     <span class='ocr_line' id='line_1_4' title="bbox 244 845 715 939; baseline -0.004 -23"><span class='ocrx_word' id='word_1_23' title='bbox 244 845 350 918; x_wconf 66' lang='lat' dir='ltr'>noted</span> <span class='ocrx_word' id='word_1_24' title='bbox 374 849 452 938; x_wconf 81' lang='lat' dir='ltr'>Lys</span> <span class='ocrx_word' id='word_1_25' title='bbox 475 849 616 918; x_wconf 72' lang='lat'>1253111</span> <span class='ocrx_word' id='word_1_26' title='bbox 636 850 715 939; x_wconf 75' lang='lat' dir='ltr'>(L).</span> 
     </span>
    </p>

    <p class='ocr_par' dir='ltr' id='par_1_3' title="bbox 297 971 966 1068">
     <span class='ocr_line' id='line_1_5' title="bbox 297 971 966 1068; baseline -0.015 -18"><span class='ocrx_word' id='word_1_27' title='bbox 297 984 330 1050; x_wconf 82' lang='lat'>8.</span> <span class='ocrx_word' id='word_1_28' title='bbox 377 971 431 1053; x_wconf 85' lang='grc' dir='ltr'>Ἐς</span> <span class='ocrx_word' id='word_1_29' title='bbox 459 973 544 1068; x_wconf 82' lang='grc' dir='ltr'>(εἰς),</span> <span class='ocrx_word' id='word_1_30' title='bbox 574 972 627 1053; x_wconf 73' lang='lat' dir='ltr'>Edu</span> <span class='ocrx_word' id='word_1_31' title='bbox 656 971 756 1068; x_wconf 68' lang='lat' dir='ltr'>(aba),</span> <span class='ocrx_word' id='word_1_32' title='bbox 785 972 848 1067; x_wconf 65' lang='lat' dir='ltr'>a«,</span> <span class='ocrx_word' id='word_1_33' title='bbox 878 972 966 1041; x_wconf 85' lang='grc' dir='ltr'>ὑπαί.</span> 
     </span>
    </p>

    <p class='ocr_par' dir='ltr' id='par_1_4' title="bbox 170 1098 1386 1567">
     <span class='ocr_line' id='line_1_6' title="bbox 286 1098 1384 1195; baseline -0.004 -20"><span class='ocrx_word' id='word_1_34' title='bbox 286 1130 319 1175; x_wconf 85' lang='lat' dir='ltr'>o.</span> <span class='ocrx_word' id='word_1_35' title='bbox 364 1107 413 1174; x_wconf 91' lang='lat' dir='ltr'>De</span> <span class='ocrx_word' id='word_1_36' title='bbox 436 1107 608 1195; x_wconf 90' lang='lat' dir='ltr'>scriptura</span> <span class='ocrx_word' id='word_1_37' title='bbox 632 1105 897 1192; x_wconf 84' lang='lat' dir='ltr'>praepositionis</span> <span class='ocrx_word' id='word_1_38' title='bbox 922 1102 955 1178; x_wconf 81' lang='grc' dir='ltr'>ἐς</span> <span class='ocrx_word' id='word_1_39' title='bbox 970 1098 1043 1195; x_wconf 80' lang='grc' dir='ltr'>(εἰς)</span> <span class='ocrx_word' id='word_1_40' title='bbox 1069 1105 1184 1171; x_wconf 90' lang='lat' dir='ltr'>omnia</span> <span class='ocrx_word' id='word_1_41' title='bbox 1208 1104 1384 1172; x_wconf 88' lang='lat' dir='ltr'>iamdicta</span> 
     </span>
     <span class='ocr_line' id='line_1_7' title="bbox 241 1201 1383 1313; baseline -0.004 -17"><span class='ocrx_word' id='word_1_42' title='bbox 241 1201 323 1297; x_wconf 88' lang='lat' dir='ltr'>sunt</span> <span class='ocrx_word' id='word_1_43' title='bbox 357 1249 377 1294; x_wconf 92' lang='lat' dir='ltr'>a</span> <span class='ocrx_word' id='word_1_44' title='bbox 411 1227 602 1309; x_wconf 85' lang='lat' dir='ltr'>Dindorfio,</span> <span class='ocrx_word' id='word_1_45' title='bbox 623 1201 714 1293; x_wconf 21' lang='lat' dir='ltr'>&#39;vide</span> <span class='ocrx_word' id='word_1_46' title='bbox 749 1227 879 1293; x_wconf 83' lang='lat' dir='ltr'>lexicon</span> <span class='ocrx_word' id='word_1_47' title='bbox 909 1226 981 1293; x_wconf 90' lang='lat' dir='ltr'>eius</span> <span class='ocrx_word' id='word_1_48' title='bbox 1012 1224 1239 1313; x_wconf 78' lang='lat' dir='ltr'>Aesclryleum</span> <span class='ocrx_word' id='word_1_49' title='bbox 1271 1247 1297 1292; x_wconf 90' lang='lat' dir='ltr'>s.</span> <span class='ocrx_word' id='word_1_50' title='bbox 1329 1248 1383 1309; x_wconf 80' lang='lat' dir='ltr'>v.‚</span> 
     </span>
     <span class='ocr_line' id='line_1_8' title="bbox 241 1319 1386 1440; baseline -0.003 -20"><span class='ocrx_word' id='word_1_51' title='bbox 241 1354 336 1420; x_wconf 88' lang='lat' dir='ltr'>cuius</span> <span class='ocrx_word' id='word_1_52' title='bbox 380 1350 502 1436; x_wconf 88' lang='lat' dir='ltr'>verba,</span> <span class='ocrx_word' id='word_1_53' title='bbox 545 1351 658 1440; x_wconf 89' lang='lat' dir='ltr'>quoad</span> <span class='ocrx_word' id='word_1_54' title='bbox 699 1351 874 1438; x_wconf 90' lang='lat' dir='ltr'>pertinent</span> <span class='ocrx_word' id='word_1_55' title='bbox 912 1350 956 1418; x_wconf 89' lang='lat' dir='ltr'>ad</span> <span class='ocrx_word' id='word_1_56' title='bbox 995 1319 1277 1438; x_wconf 78' lang='lat' dir='ltr'>Aristophanem,</span> <span class='ocrx_word' id='word_1_57' title='bbox 1318 1350 1386 1417; x_wconf 90' lang='lat' dir='ltr'>buc</span> 
     </span>
     <span class='ocr_line' id='line_1_9' title="bbox 170 1475 656 1567; baseline -0.021 -16"><span class='ocrx_word' id='word_1_58' title='bbox 170 1541 174 1551; x_wconf 94' lang='lat'>.</span> <span class='ocrx_word' id='word_1_59' title='bbox 241 1497 411 1567; x_wconf 90' lang='lat' dir='ltr'>apponere</span> <span class='ocrx_word' id='word_1_60' title='bbox 434 1476 519 1543; x_wconf 94' lang='lat' dir='ltr'>mihi</span> <span class='ocrx_word' id='word_1_61' title='bbox 542 1475 656 1543; x_wconf 87' lang='lat' dir='ltr'>liceat:</span> 
     </span>
    </p>

    <p class='ocr_par' dir='ltr' id='par_1_5' title="bbox 242 1599 1385 1931">
     <span class='ocr_line' id='line_1_10' title="bbox 288 1599 1385 1689; baseline -0.002 -21"><span class='ocrx_word' id='word_1_62' title='bbox 288 1601 573 1689; x_wconf 76' lang='lat' dir='ltr'>«Aristophanem</span> <span class='ocrx_word' id='word_1_63' title='bbox 604 1605 803 1689; x_wconf 88' lang='lat' dir='ltr'>ceterosque</span> <span class='ocrx_word' id='word_1_64' title='bbox 833 1605 952 1687; x_wconf 90' lang='lat' dir='ltr'>poetas</span> <span class='ocrx_word' id='word_1_65' title='bbox 976 1599 1121 1667; x_wconf 89' lang='lat' dir='ltr'>comicos</span> <span class='ocrx_word' id='word_1_66' title='bbox 1145 1601 1229 1666; x_wconf 87' lang='lat' dir='ltr'>satis</span> <span class='ocrx_word' id='word_1_67' title='bbox 1252 1605 1385 1667; x_wconf 88' lang='lat' dir='ltr'>constat</span> 
     </span>
     <span class='ocr_line' id='line_1_11' title="bbox 243 1720 1384 1810; baseline -0.002 -20"><span class='ocrx_word' id='word_1_68' title='bbox 243 1725 372 1790; x_wconf 87' lang='lat' dir='ltr'>«torma</span> <span class='ocrx_word' id='word_1_69' title='bbox 404 1721 438 1797; x_wconf 78' lang='grc' dir='ltr'>ἐς</span> <span class='ocrx_word' id='word_1_70' title='bbox 465 1743 638 1810; x_wconf 87' lang='lat' dir='ltr'>nusquam</span> <span class='ocrx_word' id='word_1_71' title='bbox 662 1740 741 1789; x_wconf 90' lang='lat' dir='ltr'>usos</span> <span class='ocrx_word' id='word_1_72' title='bbox 765 1740 838 1787; x_wconf 90' lang='lat' dir='ltr'>esse</span> <span class='ocrx_word' id='word_1_73' title='bbox 862 1720 1061 1809; x_wconf 83' lang='lat' dir='ltr'>postulante</span> <span class='ocrx_word' id='word_1_74' title='bbox 1084 1727 1213 1798; x_wconf 86' lang='lat' dir='ltr'>metro,</span> <span class='ocrx_word' id='word_1_75' title='bbox 1237 1722 1302 1788; x_wconf 90' lang='lat' dir='ltr'>nisi</span> <span class='ocrx_word' id='word_1_76' title='bbox 1325 1721 1384 1789; x_wconf 92' lang='lat' dir='ltr'>ubi</span> 
     </span>
     <span class='ocr_line' id='line_1_12' title="bbox 242 1842 1382 1931; baseline -0.001 -20"><span class='ocrx_word' id='word_1_77' title='bbox 242 1845 468 1931; x_wconf 83' lang='lat' dir='ltr'>«tragicorum</span> <span class='ocrx_word' id='word_1_78' title='bbox 504 1849 565 1911; x_wconf 91' lang='lat' dir='ltr'>aut</span> <span class='ocrx_word' id='word_1_79' title='bbox 596 1842 699 1910; x_wconf 89' lang='lat' dir='ltr'>verba</span> <span class='ocrx_word' id='word_1_80' title='bbox 730 1847 925 1931; x_wconf 86' lang='lat' dir='ltr'>repeterent</span> <span class='ocrx_word' id='word_1_81' title='bbox 954 1846 1017 1909; x_wconf 89' lang='lat' dir='ltr'>aut</span> <span class='ocrx_word' id='word_1_82' title='bbox 1045 1863 1239 1910; x_wconf 90' lang='lat' dir='ltr'>sermonem</span> <span class='ocrx_word' id='word_1_83' title='bbox 1270 1844 1382 1910; x_wconf 90' lang='lat' dir='ltr'>imita-</span> 
     </span>
    </p>
   </div>
   <div class='ocr_carea' id='block_1_3' title="bbox 242 1970 1383 2062">
    <p class='ocr_par' dir='ltr' id='par_1_6' title="bbox 242 1970 1383 2062">
     <span class='ocr_line' id='line_1_13' title="bbox 242 1970 1383 2062; baseline -0.002 -22"><span class='ocrx_word' id='word_1_84' title='bbox 242 1979 399 2042; x_wconf 88' lang='lat' dir='ltr'>«rentur:</span> <span class='ocrx_word' id='word_1_85' title='bbox 436 1994 504 2062; x_wconf 90' lang='lat' dir='ltr'>quo</span> <span class='ocrx_word' id='word_1_86' title='bbox 540 1973 719 2039; x_wconf 87' lang='lat' dir='ltr'>Elmsleius</span> <span class='ocrx_word' id='word_1_87' title='bbox 754 1973 913 2039; x_wconf 91' lang='lat' dir='ltr'>inductus</span> <span class='ocrx_word' id='word_1_88' title='bbox 944 1970 977 2046; x_wconf 81' lang='grc' dir='ltr'>ἐς</span> <span class='ocrx_word' id='word_1_89' title='bbox 1008 1971 1051 2038; x_wconf 97' lang='lat' dir='ltr'>ab</span> <span class='ocrx_word' id='word_1_90' title='bbox 1082 1973 1289 2040; x_wconf 84' lang='lat' dir='ltr'>comicorum</span> <span class='ocrx_word' id='word_1_91' title='bbox 1318 1993 1383 2038; x_wconf 90' lang='lat' dir='ltr'>usu</span> 
     </span>
    </p>
   </div>
   <div class='ocr_carea' id='block_1_4' title="bbox 233 2085 1401 4515">
    <p class='ocr_par' dir='ltr' id='par_1_7' title="bbox 233 2085 1401 4515">
     <span class='ocr_line' id='line_1_14' title="bbox 242 2085 1382 2193; baseline -0.004 -22"><span class='ocrx_word' id='word_1_92' title='bbox 242 2124 401 2193; x_wconf 88' lang='lat' dir='ltr'>«prorsus</span> <span class='ocrx_word' id='word_1_93' title='bbox 430 2085 596 2170; x_wconf 89' lang='lat' dir='ltr'>alienum</span> <span class='ocrx_word' id='word_1_94' title='bbox 613 2108 648 2169; x_wconf 92' lang='lat' dir='ltr'>et</span> <span class='ocrx_word' id='word_1_95' title='bbox 676 2101 803 2190; x_wconf 88' lang='lat' dir='ltr'>ubique</span> <span class='ocrx_word' id='word_1_96' title='bbox 831 2106 910 2169; x_wconf 90' lang='lat' dir='ltr'>ante</span> <span class='ocrx_word' id='word_1_97' title='bbox 933 2103 1065 2169; x_wconf 88' lang='lat' dir='ltr'>vocales</span> <span class='ocrx_word' id='word_1_98' title='bbox 1089 2102 1217 2190; x_wconf 93' lang='lat' dir='ltr'>pariter</span> <span class='ocrx_word' id='word_1_99' title='bbox 1240 2122 1280 2169; x_wconf 92' lang='lat' dir='ltr'>ac</span> <span class='ocrx_word' id='word_1_100' title='bbox 1304 2121 1382 2168; x_wconf 88' lang='lat' dir='ltr'>con-</span> 
     </span>
     <span class='ocr_line' id='line_1_15' title="bbox 241 2223 1380 2310; baseline -0.002 -20"><span class='ocrx_word' id='word_1_101' title='bbox 241 2230 422 2292; x_wconf 89' lang='lat' dir='ltr'>«sonantes</span> <span class='ocrx_word' id='word_1_102' title='bbox 450 2224 494 2300; x_wconf 80' lang='grc' dir='ltr'>εἰς</span> <span class='ocrx_word' id='word_1_103' title='bbox 518 2223 734 2291; x_wconf 88' lang='lat' dir='ltr'>scribendum</span> <span class='ocrx_word' id='word_1_104' title='bbox 757 2244 829 2290; x_wconf 90' lang='lat' dir='ltr'>esse</span> <span class='ocrx_word' id='word_1_105' title='bbox 852 2224 1037 2301; x_wconf 90' lang='lat' dir='ltr'>iudicabat,</span> <span class='ocrx_word' id='word_1_106' title='bbox 1063 2223 1117 2290; x_wconf 91' lang='lat' dir='ltr'>coi</span> <span class='ocrx_word' id='word_1_107' title='bbox 1141 2223 1293 2310; x_wconf 91' lang='lat' dir='ltr'>opinioni</span> <span class='ocrx_word' id='word_1_108' title='bbox 1312 2243 1380 2290; x_wconf 91' lang='lat' dir='ltr'>non</span> 
     </span>
     <span class='ocr_line' id='line_1_16' title="bbox 240 2343 1399 2438; baseline -0.003 -26"><span class='ocrx_word' id='word_1_109' title='bbox 240 2347 370 2414; x_wconf 89' lang='lat' dir='ltr'>«solum</span> <span class='ocrx_word' id='word_1_110' title='bbox 416 2346 575 2429; x_wconf 83' lang='lat' dir='ltr'>Helladii‚</span> <span class='ocrx_word' id='word_1_111' title='bbox 620 2345 712 2412; x_wconf 91' lang='lat' dir='ltr'>baud</span> <span class='ocrx_word' id='word_1_112' title='bbox 755 2344 855 2412; x_wconf 91' lang='lat' dir='ltr'>dubie</span> <span class='ocrx_word' id='word_1_113' title='bbox 899 2345 1090 2434; x_wconf 86' lang='lat' dir='ltr'>antiquiore</span> <span class='ocrx_word' id='word_1_114' title='bbox 1126 2349 1273 2438; x_wconf 22' lang='lat' dir='ltr'>&#39;auctore</span> <span class='ocrx_word' id='word_1_115' title='bbox 1311 2343 1399 2420; x_wconf 71' lang='lat' dir='ltr'>usi.</span> 
     </span>
     <span class='ocr_line' id='line_1_17' title="bbox 240 2466 1379 2558; baseline -0.004 -22"><span class='ocrx_word' id='word_1_116' title='bbox 240 2471 451 2539; x_wconf 81' lang='lat' dir='ltr'>«Observatio</span> <span class='ocrx_word' id='word_1_117' title='bbox 468 2492 572 2558; x_wconf 91' lang='lat' dir='ltr'>supra</span> <span class='ocrx_word' id='word_1_118' title='bbox 588 2473 778 2535; x_wconf 90' lang='lat' dir='ltr'>memorata</span> <span class='ocrx_word' id='word_1_119' title='bbox 792 2469 894 2557; x_wconf 79' lang='lat' dir='ltr'>(apud</span> <span class='ocrx_word' id='word_1_120' title='bbox 906 2469 1069 2536; x_wconf 91' lang='lat' dir='ltr'>Photium</span> <span class='ocrx_word' id='word_1_121' title='bbox 1082 2468 1167 2535; x_wconf 92' lang='lat' dir='ltr'>Bibl.</span> <span class='ocrx_word' id='word_1_122' title='bbox 1180 2488 1213 2555; x_wconf 91' lang='lat' dir='ltr'>p.</span> <span class='ocrx_word' id='word_1_123' title='bbox 1226 2466 1302 2546; x_wconf 82' lang='lat'><strong>573,</strong></span> <span class='ocrx_word' id='word_1_124' title='bbox 1316 2466 1379 2551; x_wconf 84' lang='grc'>10),</span> 
     </span>
     <span class='ocr_line' id='line_1_18' title="bbox 240 2591 1381 2663; baseline -0.004 -1"><span class='ocrx_word' id='word_1_125' title='bbox 240 2597 319 2663; x_wconf 92' lang='lat' dir='ltr'>«sed</span> <span class='ocrx_word' id='word_1_126' title='bbox 343 2596 446 2662; x_wconf 89' lang='lat' dir='ltr'>etiam</span> <span class='ocrx_word' id='word_1_127' title='bbox 470 2596 626 2662; x_wconf 91' lang='lat' dir='ltr'>codicum</span> <span class='ocrx_word' id='word_1_128' title='bbox 649 2594 833 2661; x_wconf 89' lang='lat' dir='ltr'>auctoritas</span> <span class='ocrx_word' id='word_1_129' title='bbox 854 2594 976 2661; x_wconf 86' lang='lat' dir='ltr'>obstat.</span> <span class='ocrx_word' id='word_1_130' title='bbox 1002 2593 1090 2660; x_wconf 88' lang='lat' dir='ltr'>Nam</span> <span class='ocrx_word' id='word_1_131' title='bbox 1105 2593 1237 2660; x_wconf 90' lang='lat' dir='ltr'>codices</span> <span class='ocrx_word' id='word_1_132' title='bbox 1252 2591 1381 2658; x_wconf 91' lang='lat' dir='ltr'>Aristo·</span> 
     </span>
     <span class='ocr_line' id='line_1_19' title="bbox 240 2717 1380 2809; baseline -0.004 -23"><span class='ocrx_word' id='word_1_133' title='bbox 240 2721 398 2809; x_wconf 89' lang='lat' dir='ltr'>«phanis,</span> <span class='ocrx_word' id='word_1_134' title='bbox 430 2741 576 2809; x_wconf 91' lang='lat' dir='ltr'>quorum</span> <span class='ocrx_word' id='word_1_135' title='bbox 609 2720 644 2786; x_wconf 92' lang='lat' dir='ltr'>in</span> <span class='ocrx_word' id='word_1_136' title='bbox 676 2719 778 2786; x_wconf 88' lang='lat' dir='ltr'>rebus</span> <span class='ocrx_word' id='word_1_137' title='bbox 802 2719 1074 2808; x_wconf 84' lang='lat' dir='ltr'>orthographicis</span> <span class='ocrx_word' id='word_1_138' title='bbox 1097 2717 1180 2784; x_wconf 88' lang='lat' dir='ltr'>fides</span> <span class='ocrx_word' id='word_1_139' title='bbox 1204 2717 1380 2806; x_wconf 89' lang='lat' dir='ltr'>aliquanto</span> 
     </span>
     <span class='ocr_line' id='line_1_20' title="bbox 240 2841 1380 2932; baseline -0.002 -22"><span class='ocrx_word' id='word_1_140' title='bbox 240 2845 368 2911; x_wconf 89' lang='lat' dir='ltr'>«maior</span> <span class='ocrx_word' id='word_1_141' title='bbox 399 2851 451 2911; x_wconf 87' lang='lat' dir='ltr'>est</span> <span class='ocrx_word' id='word_1_142' title='bbox 480 2865 585 2932; x_wconf 91' lang='lat' dir='ltr'>quam</span> <span class='ocrx_word' id='word_1_143' title='bbox 616 2843 771 2910; x_wconf 91' lang='lat' dir='ltr'>codicum</span> <span class='ocrx_word' id='word_1_144' title='bbox 801 2863 862 2930; x_wconf 89' lang='lat' dir='ltr'>per</span> <span class='ocrx_word' id='word_1_145' title='bbox 891 2864 978 2931; x_wconf 90' lang='lat' dir='ltr'>quos</span> <span class='ocrx_word' id='word_1_146' title='bbox 1007 2843 1216 2931; x_wconf 85' lang='lat' dir='ltr'>tragicorum</span> <span class='ocrx_word' id='word_1_147' title='bbox 1247 2841 1380 2909; x_wconf 82' lang='lat' dir='ltr'>fabulae</span> 
     </span>
     <span class='ocr_line' id='line_1_21' title="bbox 239 2962 1379 3054; baseline -0.001 -25"><span class='ocrx_word' id='word_1_148' title='bbox 239 2969 467 3054; x_wconf 81' lang='lat' dir='ltr'>«propagatae</span> <span class='ocrx_word' id='word_1_149' title='bbox 498 2969 592 3048; x_wconf 88' lang='lat' dir='ltr'>sunt,</span> <span class='ocrx_word' id='word_1_150' title='bbox 629 2964 776 3030; x_wconf 86' lang='lat' dir='ltr'>formam</span> <span class='ocrx_word' id='word_1_151' title='bbox 814 2962 847 3038; x_wconf 81' lang='grc' dir='ltr'>ἐς</span> <span class='ocrx_word' id='word_1_152' title='bbox 880 2965 917 3030; x_wconf 93' lang='lat' dir='ltr'>in</span> <span class='ocrx_word' id='word_1_153' title='bbox 949 2963 1202 3051; x_wconf 86' lang='lat' dir='ltr'>praepositione</span> <span class='ocrx_word' id='word_1_154' title='bbox 1233 2963 1379 3050; x_wconf 91' lang='lat' dir='ltr'>simplici</span> 
     </span>
     <span class='ocr_line' id='line_1_22' title="bbox 239 3084 1379 3175; baseline 0 -24"><span class='ocrx_word' id='word_1_155' title='bbox 239 3086 436 3175; x_wconf 90' lang='lat' dir='ltr'>«verbisque</span> <span class='ocrx_word' id='word_1_156' title='bbox 465 3106 544 3153; x_wconf 91' lang='lat' dir='ltr'>cum</span> <span class='ocrx_word' id='word_1_157' title='bbox 575 3106 615 3151; x_wconf 91' lang='lat' dir='ltr'>ea</span> <span class='ocrx_word' id='word_1_158' title='bbox 646 3086 841 3172; x_wconf 86' lang='lat' dir='ltr'>compositis</span> <span class='ocrx_word' id='word_1_159' title='bbox 872 3086 973 3152; x_wconf 90' lang='lat' dir='ltr'>toties</span> <span class='ocrx_word' id='word_1_160' title='bbox 1001 3091 1081 3151; x_wconf 91' lang='lat' dir='ltr'>ante</span> <span class='ocrx_word' id='word_1_161' title='bbox 1104 3084 1237 3151; x_wconf 88' lang='lat' dir='ltr'>litteras</span> <span class='ocrx_word' id='word_1_162' title='bbox 1261 3104 1379 3151; x_wconf 89' lang='lat' dir='ltr'>conso·</span> 
     </span>
     <span class='ocr_line' id='line_1_23' title="bbox 239 3209 1379 3297; baseline -0.001 -22"><span class='ocrx_word' id='word_1_163' title='bbox 239 3215 379 3277; x_wconf 89' lang='lat' dir='ltr'>«nantes</span> <span class='ocrx_word' id='word_1_164' title='bbox 399 3209 567 3297; x_wconf 89' lang='lat' dir='ltr'>praebent</span> <span class='ocrx_word' id='word_1_165' title='bbox 582 3214 622 3276; x_wconf 91' lang='lat' dir='ltr'>ut</span> <span class='ocrx_word' id='word_1_166' title='bbox 639 3210 875 3296; x_wconf 89' lang='lat' dir='ltr'>exemplorum</span> <span class='ocrx_word' id='word_1_167' title='bbox 891 3230 999 3297; x_wconf 92' lang='lat' dir='ltr'>prope</span> <span class='ocrx_word' id='word_1_168' title='bbox 1015 3209 1109 3276; x_wconf 88' lang='lat' dir='ltr'>idem</span> <span class='ocrx_word' id='word_1_169' title='bbox 1124 3214 1228 3297; x_wconf 86' lang='lat' dir='ltr'>atque</span> <span class='ocrx_word' id='word_1_170' title='bbox 1240 3209 1379 3275; x_wconf 88' lang='lat' dir='ltr'>alterius</span> 
     </span>
     <span class='ocr_line' id='line_1_24' title="bbox 239 3333 1380 3422; baseline 0 -22"><span class='ocrx_word' id='word_1_171' title='bbox 239 3336 389 3402; x_wconf 84' lang='lat' dir='ltr'>«formae</span> <span class='ocrx_word' id='word_1_172' title='bbox 416 3354 583 3401; x_wconf 90' lang='lat' dir='ltr'>numerus</span> <span class='ocrx_word' id='word_1_173' title='bbox 607 3335 661 3400; x_wconf 90' lang='lat' dir='ltr'>sit.</span> <span class='ocrx_word' id='word_1_174' title='bbox 709 3333 770 3401; x_wconf 92' lang='lat' dir='ltr'>His</span> <span class='ocrx_word' id='word_1_175' title='bbox 793 3335 900 3422; x_wconf 89' lang='lat' dir='ltr'>igitur</span> <span class='ocrx_word' id='word_1_176' title='bbox 922 3335 1053 3402; x_wconf 90' lang='lat' dir='ltr'>indiciis</span> <span class='ocrx_word' id='word_1_177' title='bbox 1076 3335 1166 3401; x_wconf 89' lang='lat' dir='ltr'>inter</span> <span class='ocrx_word' id='word_1_178' title='bbox 1189 3355 1225 3401; x_wconf 91' lang='lat' dir='ltr'>se</span> <span class='ocrx_word' id='word_1_179' title='bbox 1249 3334 1380 3401; x_wconf 90' lang='lat' dir='ltr'>collatis</span> 
     </span>
     <span class='ocr_line' id='line_1_25' title="bbox 233 3457 1377 3548; baseline 0 -23"><span class='ocrx_word' id='word_1_180' title='bbox 233 3478 322 3548; x_wconf 90' lang='lat' dir='ltr'>«ego</span> <span class='ocrx_word' id='word_1_181' title='bbox 346 3460 381 3526; x_wconf 89' lang='lat' dir='ltr'>in</span> <span class='ocrx_word' id='word_1_182' title='bbox 406 3464 520 3526; x_wconf 87' lang='lat' dir='ltr'>annot.</span> <span class='ocrx_word' id='word_1_183' title='bbox 569 3458 677 3525; x_wconf 84' lang='lat' dir='ltr'>Oxou.</span> <span class='ocrx_word' id='word_1_184' title='bbox 711 3459 755 3526; x_wconf 88' lang='lat' dir='ltr'>ad</span> <span class='ocrx_word' id='word_1_185' title='bbox 778 3459 883 3526; x_wconf 84' lang='lat' dir='ltr'>Arist.</span> <span class='ocrx_word' id='word_1_186' title='bbox 907 3458 990 3528; x_wconf 89' lang='lat' dir='ltr'>Ach.</span> <span class='ocrx_word' id='word_1_187' title='bbox 1015 3459 1082 3526; x_wconf 75' lang='lat'>242</span> <span class='ocrx_word' id='word_1_188' title='bbox 1105 3459 1168 3526; x_wconf 88' lang='lat' dir='ltr'>vol.</span> <span class='ocrx_word' id='word_1_189' title='bbox 1193 3459 1215 3525; x_wconf 90' lang='lat'>3</span> <span class='ocrx_word' id='word_1_190' title='bbox 1238 3481 1270 3546; x_wconf 90' lang='lat' dir='ltr'>p.</span> <span class='ocrx_word' id='word_1_191' title='bbox 1295 3457 1377 3538; x_wconf 83' lang='lat'>385,</span> 
     </span>
     <span class='ocr_line' id='line_1_26' title="bbox 236 3580 1372 3669; baseline 0.001 -23"><span class='ocrx_word' id='word_1_192' title='bbox 236 3581 344 3648; x_wconf 90' lang='lat' dir='ltr'>«banc</span> <span class='ocrx_word' id='word_1_193' title='bbox 367 3581 526 3668; x_wconf 90' lang='lat' dir='ltr'>proposui</span> <span class='ocrx_word' id='word_1_194' title='bbox 550 3580 719 3667; x_wconf 88' lang='lat' dir='ltr'>regulam:</span> <span class='ocrx_word' id='word_1_195' title='bbox 747 3580 950 3648; x_wconf 86' lang='lat' dir='ltr'>«discrimen</span> <span class='ocrx_word' id='word_1_196' title='bbox 973 3582 1066 3647; x_wconf 88' lang='lat' dir='ltr'>inter</span> <span class='ocrx_word' id='word_1_197' title='bbox 1090 3580 1134 3656; x_wconf 80' lang='grc' dir='ltr'>εἰς</span> <span class='ocrx_word' id='word_1_198' title='bbox 1161 3593 1197 3651; x_wconf 90' lang='lat' dir='ltr'>et</span> <span class='ocrx_word' id='word_1_199' title='bbox 1225 3580 1258 3655; x_wconf 83' lang='grc' dir='ltr'>ἐς</span> <span class='ocrx_word' id='word_1_200' title='bbox 1282 3582 1372 3669; x_wconf 91' lang='lat' dir='ltr'>apud</span> 
     </span>
     <span class='ocr_line' id='line_1_27' title="bbox 236 3683 1401 3792; baseline 0.003 -20"><span class='ocrx_word' id='word_1_201' title='bbox 236 3707 403 3773; x_wconf 90' lang='lat' dir='ltr'>«comicos</span> <span class='ocrx_word' id='word_1_202' title='bbox 435 3707 500 3773; x_wconf 92' lang='lat' dir='ltr'>boc</span> <span class='ocrx_word' id='word_1_203' title='bbox 525 3707 705 3775; x_wconf 88' lang='lat' dir='ltr'>intercedit</span> <span class='ocrx_word' id='word_1_204' title='bbox 730 3713 769 3774; x_wconf 88' lang='lat' dir='ltr'>ut</span> <span class='ocrx_word' id='word_1_205' title='bbox 793 3707 838 3782; x_wconf 79' lang='grc' dir='ltr'>εἰς</span> <span class='ocrx_word' id='word_1_206' title='bbox 861 3713 941 3775; x_wconf 91' lang='lat' dir='ltr'>ante</span> <span class='ocrx_word' id='word_1_207' title='bbox 967 3709 1115 3792; x_wconf 84' lang='lat' dir='ltr'>vocales,</span> <span class='ocrx_word' id='word_1_208' title='bbox 1141 3708 1174 3784; x_wconf 81' lang='grc' dir='ltr'>ἐς</span> <span class='ocrx_word' id='word_1_209' title='bbox 1197 3715 1276 3775; x_wconf 87' lang='lat' dir='ltr'>ante</span> <span class='ocrx_word' id='word_1_210' title='bbox 1300 3683 1401 3776; x_wconf 51' lang='lat' dir='ltr'>oon-¹</span> 
     </span>
     <span class='ocr_line' id='line_1_28' title="bbox 236 3827 1376 3918; baseline 0.003 -24"><span class='ocrx_word' id='word_1_211' title='bbox 236 3834 417 3894; x_wconf 90' lang='lat' dir='ltr'>«sonantes</span> <span class='ocrx_word' id='word_1_212' title='bbox 440 3827 570 3894; x_wconf 86' lang='lat' dir='ltr'>litteras</span> <span class='ocrx_word' id='word_1_213' title='bbox 595 3827 774 3895; x_wconf 90' lang='lat' dir='ltr'>scribatur.</span> <span class='ocrx_word' id='word_1_214' title='bbox 810 3829 863 3896; x_wconf 91' lang='lat' dir='ltr'>Ab</span> <span class='ocrx_word' id='word_1_215' title='bbox 887 3830 950 3897; x_wconf 89' lang='lat' dir='ltr'>bac</span> <span class='ocrx_word' id='word_1_216' title='bbox 973 3830 1048 3918; x_wconf 89' lang='lat' dir='ltr'>lege</span> <span class='ocrx_word' id='word_1_217' title='bbox 1071 3832 1279 3918; x_wconf 84' lang='lat' dir='ltr'>tragicorum</span> <span class='ocrx_word' id='word_1_218' title='bbox 1296 3852 1376 3897; x_wconf 90' lang='lat' dir='ltr'>usus</span> 
     </span>
     <span class='ocr_line' id='line_1_29' title="bbox 237 3948 1376 4032; baseline 0.003 -18"><span class='ocrx_word' id='word_1_219' title='bbox 237 3949 304 4015; x_wconf 91' lang='lat' dir='ltr'>«ita</span> <span class='ocrx_word' id='word_1_220' title='bbox 327 3954 464 4016; x_wconf 88' lang='lat' dir='ltr'>tantum</span> <span class='ocrx_word' id='word_1_221' title='bbox 487 3948 631 4032; x_wconf 88' lang='lat' dir='ltr'>recedit,</span> <span class='ocrx_word' id='word_1_222' title='bbox 651 3953 691 4016; x_wconf 93' lang='lat' dir='ltr'>ut</span> <span class='ocrx_word' id='word_1_223' title='bbox 714 3948 747 4024; x_wconf 81' lang='grc' dir='ltr'>ἐς</span> <span class='ocrx_word' id='word_1_224' title='bbox 772 3951 876 4017; x_wconf 88' lang='lat' dir='ltr'>etiam</span> <span class='ocrx_word' id='word_1_225' title='bbox 900 3956 981 4017; x_wconf 88' lang='lat' dir='ltr'>ante</span> <span class='ocrx_word' id='word_1_226' title='bbox 1002 3952 1150 4019; x_wconf 87' lang='lat' dir='ltr'>vocalem</span> <span class='ocrx_word' id='word_1_227' title='bbox 1168 3953 1301 4018; x_wconf 88' lang='lat' dir='ltr'>dicatur</span> <span class='ocrx_word' id='word_1_228' title='bbox 1319 3951 1376 4018; x_wconf 88' lang='lat' dir='ltr'>ubi</span> 
     </span>
     <span class='ocr_line' id='line_1_30' title="bbox 236 4069 1375 4157; baseline 0.004 -23"><span class='ocrx_word' id='word_1_229' title='bbox 236 4071 357 4138; x_wconf 91' lang='lat' dir='ltr'>«metri</span> <span class='ocrx_word' id='word_1_230' title='bbox 380 4069 563 4137; x_wconf 89' lang='lat' dir='ltr'>necessitas</span> <span class='ocrx_word' id='word_1_231' title='bbox 588 4071 765 4157; x_wconf 80' lang='lat' dir='ltr'>postulat.»</span> <span class='ocrx_word' id='word_1_232' title='bbox 814 4071 952 4139; x_wconf 87' lang='lat' dir='ltr'>Assensi</span> <span class='ocrx_word' id='word_1_233' title='bbox 976 4073 1061 4139; x_wconf 88' lang='lat' dir='ltr'>mibi</span> <span class='ocrx_word' id='word_1_234' title='bbox 1085 4078 1165 4140; x_wconf 90' lang='lat' dir='ltr'>sunt</span> <span class='ocrx_word' id='word_1_235' title='bbox 1188 4073 1375 4140; x_wconf 86' lang='lat' dir='ltr'>Meinekius</span> 
     </span>
     <span class='ocr_line' id='line_1_31' title="bbox 236 4194 1373 4285; baseline 0.004 -26"><span class='ocrx_word' id='word_1_236' title='bbox 236 4195 291 4261; x_wconf 93' lang='lat' dir='ltr'>«in</span> <span class='ocrx_word' id='word_1_237' title='bbox 314 4194 553 4282; x_wconf 85' lang='lat' dir='ltr'>Aristophanis</span> <span class='ocrx_word' id='word_1_238' title='bbox 577 4195 726 4262; x_wconf 88' lang='lat' dir='ltr'>editione</span> <span class='ocrx_word' id='word_1_239' title='bbox 749 4196 916 4284; x_wconf 89' lang='lat' dir='ltr'>Lipsiensi</span> <span class='ocrx_word' id='word_1_240' title='bbox 939 4218 969 4262; x_wconf 92' lang='lat' dir='ltr'>a.</span> <span class='ocrx_word' id='word_1_241' title='bbox 986 4196 1075 4264; x_wconf 78' lang='lat'>1860</span> <span class='ocrx_word' id='word_1_242' title='bbox 1091 4197 1230 4285; x_wconf 89' lang='lat' dir='ltr'>aliique,</span> <span class='ocrx_word' id='word_1_243' title='bbox 1247 4198 1373 4264; x_wconf 91' lang='lat' dir='ltr'>dissen-</span> 
     </span>
     <span class='ocr_line' id='line_1_32' title="bbox 235 4309 1374 4400; baseline 0.004 -25"><span class='ocrx_word' id='word_1_244' title='bbox 235 4312 345 4377; x_wconf 87' lang='lat' dir='ltr'>«tiunt</span> <span class='ocrx_word' id='word_1_245' title='bbox 368 4310 438 4394; x_wconf 85' lang='lat' dir='ltr'>alii,</span> <span class='ocrx_word' id='word_1_246' title='bbox 472 4309 594 4398; x_wconf 90' lang='lat' dir='ltr'>quibus</span> <span class='ocrx_word' id='word_1_247' title='bbox 618 4311 701 4376; x_wconf 91' lang='lat' dir='ltr'>nibil</span> <span class='ocrx_word' id='word_1_248' title='bbox 724 4311 813 4378; x_wconf 90' lang='lat' dir='ltr'>aliud</span> <span class='ocrx_word' id='word_1_249' title='bbox 839 4312 1059 4400; x_wconf 88' lang='lat' dir='ltr'>relinquitur,</span> <span class='ocrx_word' id='word_1_250' title='bbox 1084 4334 1188 4400; x_wconf 93' lang='lat' dir='ltr'>quam</span> <span class='ocrx_word' id='word_1_251' title='bbox 1211 4319 1250 4380; x_wconf 87' lang='lat' dir='ltr'>ut</span> <span class='ocrx_word' id='word_1_252' title='bbox 1273 4313 1374 4380; x_wconf 90' lang='lat' dir='ltr'>libra·</span> 
     </span>
     <span class='ocr_line' id='line_1_33' title="bbox 237 4425 1374 4515; baseline 0.006 -26"><span class='ocrx_word' id='word_1_253' title='bbox 237 4426 384 4492; x_wconf 86' lang='lat' dir='ltr'>«riorum</span> <span class='ocrx_word' id='word_1_254' title='bbox 422 4425 617 4512; x_wconf 84' lang='lat' dir='ltr'>exemplum</span> <span class='ocrx_word' id='word_1_255' title='bbox 653 4434 835 4514; x_wconf 90' lang='lat' dir='ltr'>sequentes</span> <span class='ocrx_word' id='word_1_256' title='bbox 871 4427 913 4494; x_wconf 89' lang='lat' dir='ltr'>ab</span> <span class='ocrx_word' id='word_1_257' title='bbox 949 4427 1168 4515; x_wconf 89' lang='lat' dir='ltr'>scriptoribus</span> <span class='ocrx_word' id='word_1_258' title='bbox 1201 4429 1374 4496; x_wconf 88' lang='lat' dir='ltr'>veteribus</span> 
     </span>
    </p>
   </div>
   <div class='ocr_carea' id='block_1_5' title="bbox 235 4554 1373 4645">
    <p class='ocr_par' dir='ltr' id='par_1_8' title="bbox 235 4554 1373 4645">
     <span class='ocr_line' id='line_1_34' title="bbox 235 4554 1373 4645; baseline 0.006 -26"><span class='ocrx_word' id='word_1_259' title='bbox 235 4561 382 4622; x_wconf 90' lang='lat' dir='ltr'>«temere</span> <span class='ocrx_word' id='word_1_260' title='bbox 406 4556 505 4622; x_wconf 90' lang='lat' dir='ltr'>modo</span> <span class='ocrx_word' id='word_1_261' title='bbox 533 4554 577 4630; x_wconf 80' lang='grc' dir='ltr'>εἰς</span> <span class='ocrx_word' id='word_1_262' title='bbox 602 4557 702 4623; x_wconf 89' lang='lat' dir='ltr'>modo</span> <span class='ocrx_word' id='word_1_263' title='bbox 728 4554 761 4630; x_wconf 80' lang='grc' dir='ltr'>ἐς</span> <span class='ocrx_word' id='word_1_264' title='bbox 785 4559 949 4645; x_wconf 85' lang='lat' dir='ltr'>scriptum</span> <span class='ocrx_word' id='word_1_265' title='bbox 973 4558 1078 4625; x_wconf 88' lang='lat' dir='ltr'>fuisse</span> <span class='ocrx_word' id='word_1_266' title='bbox 1102 4561 1255 4626; x_wconf 89' lang='lat' dir='ltr'>credant.</span> <span class='ocrx_word' id='word_1_267' title='bbox 1304 4560 1373 4627; x_wconf 90' lang='lat' dir='ltr'>Nec</span> 
     </span>
    </p>
   </div>
   <div class='ocr_carea' id='block_1_6' title="bbox 0 0 1624 5212">
    <p class='ocr_par' dir='ltr' id='par_1_9' title="bbox 0 0 1624 5212">
     <span class='ocr_line' id='line_1_35' title="bbox 0 0 1624 5212; baseline 0 3"><span class='ocrx_word' id='word_1_268' title='bbox 0 0 1624 5212; x_wconf 95' lang='lat' dir='ltr'> </span> 
     </span>
    </p>
   </div>
  </div>
 </body>
</html>
