3240 5212
784 403 829 470 93

236 623 255 669 e
279 602 408 690 poculis
431 606 530 669 cett:
555 601 640 670 Aah.
666 601 710 670 71
742 601 918 692 ἐπίνομεν]
948 599 981 678 ἐξ
1008 601 1148 671 ὑαλίνων
1170 598 1378 692 ἐκπωμάτων

237 725 288 794 καί
315 726 500 822 χρυσίδιον]
527 725 667 822 άκρατον
696 729 781 796 οἶνον
808 718 904 820 atti,
930 731 1017 799 Nub.
1041 730 1108 798 923
1123 731 1208 798 nT?
1233 730 1268 798 ἐκ
1285 754 1381 825 πηρι-

237 853 321 934 δίου]
353 853 489 948 γνώμας
524 854 663 952 τρώγων
700 853 971 951 Πανδελετείους,
1008 859 1087 946 Lys.
1123 857 1189 926 400
1220 857 1280 927 κάκ
1312 863 1379 925 τῶν

236 982 420 1064 καλπίδων]
446 984 587 1054 ἔλουσαν
616 988 725 1080 ἡμᾶς,
757 988 818 1078 Eq.
843 988 924 1073 699,
954 986 1044 1055 1289
1060 992 1116 1061 ut,
1145 985 1253 1070 1101,
1282 988 1380 1075 Vesp.

235 1107 302 1174 925
323 1106 363 1196 ¹),
394 1108 451 1176 Fr.
475 1108 513 1188 3,
547 1109 624 1178 206.
649 1151 692 1158 -
717 1108 804 1177 Cum
827 1109 880 1176 his
909 1109 1067 1197 componi
1093 1112 1208 1195 potest
1236 1108 1381 1190 locutio,

235 1250 322 1318 quae
357 1232 506 1299 occurrit
541 1232 602 1322 Eq.
627 1231 694 1299 670
729 1232 761 1298 οἱ
794 1228 821 1298 δ’
857 1228 891 1307 ἐξ
923 1230 995 1306 ἑνδς
1035 1226 1201 1320 στόματος
1235 1223 1381 1303 άπαντες

236 1353 414 1450 ἀνέκραγον
440 1356 516 1443 (ubi
533 1378 596 1425 nos
611 1359 806 1428 diceremus
832 1360 863 1426 οἱ
880 1357 906 1426 δ’
922 1357 968 1434 ώς
987 1355 1020 1434 ἐξ
1037 1357 1109 1433 ενδς
1123 1355 1288 1448 στόματος
1302 1357 1379 1438 κτὲ.,

236 1484 295 1552 sed
319 1485 473 1553 voculam
497 1483 543 1560 ὡς
566 1486 602 1553 in
626 1487 690 1554 hao
707 1486 878 1555 locutione
895 1486 1015 1554 Graoei
1032 1486 1191 1554 omittere
1208 1486 1381 1564 assolent).

235 1606 347 1676 Minus
377 1609 468 1675 enim
500 1607 728 1697 significatur,
761 1627 799 1674 os
821 1608 1090 1675 instrumentum
1113 1627 1200 1685 esse,
1226 1627 1293 1694 quo
1316 1626 1381 1673 vox

234 1733 371 1818 edatur,
395 1754 500 1821 quam
519 1733 733 1821 simpliciter,
751 1752 868 1800 vocem
885 1753 927 1799 ex
943 1753 1001 1829 ore
1017 1732 1147 1816 emitti,
1162 1732 1205 1799 of.
1221 1731 1268 1798 II:
1285 1731 1307 1798 2
1323 1732 1382 1799 ubi

234 1854 435 1922 habebimus
459 1855 665 1922 locutionem
690 1853 725 1922 ἐκ
752 1858 814 1947 τῆς
840 1851 973 1948 καρδίας
1002 1851 1116 1946 φιλεῖν.

238 2031 242 2038 .
278 1977 309 2044 6.
361 1977 552 2064 Usurpatur
587 1977 628 2044 de
664 1977 756 2057 looo,
791 1977 883 2045 unde
918 1978 995 2066 quis
1034 1977 1141 2059 videt,
1182 1977 1277 2044 audit
1299 1982 1379 2044 cett.

233 2097 399 2188 (Belgioet
427 2120 513 2166 «van
536 2097 642 2187 uit»):
667 2098 728 2188 uq.
746 2096 813 2165 704
837 2098 872 2166 ἐκ
890 2100 948 2172 τίς
965 2095 1141 2192 προεδρίας
1154 2149 1161 2164 .
1174 2150 1181 2164 .
1192 2153 1219 2165 ..
1235 2097 1378 2192 ἔσχατον

234 2221 427 2318 θεώμενον,
452 2225 537 2293 Nub.
563 2225 606 2294 37
632 2222 739 2293 δάκνει
768 2249 810 2316 με
837 2224 1014 2320 δήμαρχός
1047 2249 1094 2302 τις
1121 2226 1157 2294 ἐκ
1182 2230 1249 2292 τών
1276 2251 1381 2322 στρω-

236 2351 369 2445 μάτων,
405 2354 492 2422 Ecol.
517 2353 623 2422 oussn
659 2353 776 2449 ἑτέρα]
810 2352 912 2449 φήσει
939 2378 985 2430 τις
1013 2351 1117 2421 aaut
1144 2352 1178 2431 ἐξ
1204 2346 1379 2450 ὑπερίρου,

233 2478 293 2568 Eq.
316 2476 459 2557 tome,
484 2476 573 2544 Plut.
598 2475 705 2563 977,
729 2476 774 2544 39
791 2492 817 2545 t.

280 2599 411 2679 Quibus
435 2599 557 2666 addam
584 2599 682 2688 Vesp.
706 2599 773 2666 225
796 2597 911 2692 ἔχουσι
939 2595 1001 2694 γάρ
1028 2598 1081 2667 καί
1107 2599 1238 2695 κέντρον
1267 2601 1302 2669 ἐκ
1322 2605 1380 2677 τῆς

234 2723 379 2820 ὀσφύος]
395 2721 568 2818 ὀξύτατον,
593 2727 704 2794 locum
728 2747 810 2794 sane
834 2727 1021 2812 diversum,
1046 2728 1104 2795 ubi
1129 2736 1245 2796 tamen
1261 2729 1379 2797 similis

233 2854 327 2920 notio
361 2854 486 2941 quietis
520 2852 712 2935 invenitur,
747 2856 783 2918 et
811 2871 920 2939 aeque
944 2871 983 2917 ao
1005 2850 1085 2918 loeis
1108 2852 1210 2920 modo
1233 2852 1379 2919 laudatis

234 2978 512 3046 vertendum-est
533 2997 598 3066 per
625 2997 710 3043 «van
734 2976 817 3045 uit».

278 3102 307 3168 7.
345 3102 498 3191 Denique
528 3103 669 3170 additur
703 3101 815 3169 verbis
844 3101 1023 3184 nectendi,
1058 3121 1125 3188 quo
1148 3102 1377 3191 significatur,

233 3226 335 3293 aliam
365 3246 438 3293 rem
467 3246 509 3292 ex
532 3225 598 3292 alia
626 3224 774 3313 pendere
805 3223 885 3312 (quo
910 3243 1014 3290 sensu
1039 3219 1105 3290 &ab
1129 3225 1220 3312 apud
1245 3223 1380 3292 Aristo-

232 3353 382 3440 phanem
404 3371 474 3418 non
497 3351 677 3439 occurrit):
702 3350 788 3419 th.
813 3350 881 3418 945
896 3372 932 3417 m
957 3348 1047 3444 εἴπερ
1075 3350 1111 3418 ἐκ
1136 3349 1247 3419 ποδῶν
1254 3350 1268 3432 ]
1289 3347 1378 3418 κάτω

232 3465 317 3574 κάρα
350 3478 525 3573 κρέμαιτο,
553 3476 643 3545 1136
677 3474 719 3544 τά
740 3473 921 3572 στρώματ’,
946 3476 974 3541 ώ
997 3484 1077 3570 παῖ,
1114 3478 1214 3553 δῆσον
1251 3480 1287 3547 ἐκ
1321 3483 1379 3555 τῆς

234 3606 371 3683 ἀσπίδος
395 3618 437 3677 ot.
461 3606 568 3690 1137;
593 3606 652 3695 Eq.
675 3604 782 3690 1303,
807 3607 883 3694 Lys.
908 3604 982 3673 722.
1003 3606 1030 3696 ²)
1116 3639 1119 3646 ’

277 3738 308 3806 8.
356 3738 500 3804 Prorsus
535 3735 603 3799 vim
637 3734 899 3822 praepositionis
936 3732 1002 3802 ἀπό
1037 3736 1093 3824 (ef.
1118 3737 1287 3825 imprimis
1311 3732 1378 3803 ἀπό

232 3867 278 3934 ss:
303 3867 370 3957 2ο)
393 3864 539 3955 acquirit
563 3861 597 3929 ἐκ
620 3863 708 3930 Plut.
733 3862 800 3931 050
823 3860 865 3930 τά
891 3859 1095 3958 πράγματα]
1121 3864 1157 3932 ἐκ
1177 3869 1243 3932 τῶν
1262 3863 1375 3931 ποδῶν

234 4083 438 4091 -.-....---

273 4227 291 4286 1]
319 4219 383 4288 Lys.
411 4220 480 4271 1120
508 4224 568 4292 μιᾶς
596 4221 621 4272 ἑκ
651 4217 786 4293 χέρνιβος]
806 4220 910 4294 βωμοὺς
938 4226 1149 4295 περιρραίνοντες.
1178 4243 1204 4274 τε
1234 4219 1294 4274 libri
1318 4239 1376 4274 oum

233 4315 315 4368 Suidu
343 4335 363 4369 s,
382 4335 407 4368 v.
427 4317 563 4392 χερνίβος,
585 4314 631 4368 sod
650 4319 676 4370 ἐκ
695 4335 710 4368 a
730 4315 851 4369 Bentleio
871 4316 1024 4369 restitutum
1045 4322 1094 4371 ost.
1135 4317 1234 4370 Versus
1253 4317 1379 4388 parodiae

232 4407 390 4460 tribuendus
410 4406 490 4460 suerit
508 4407 541 4460 υί.
560 4408 572 4477 ξ
592 4408 622 4460 2ι
642 4405 697 4460 ab.

269 4504 293 4575 2)
321 4503 393 4557 Plut.
425 4504 506 4555 31211
540 4503 661 4577 λαβόντες
686 4502 736 4556 ὑπδ
767 4499 905 4569 φιληδίας]
933 4503 976 4557 τδν
1008 4508 1121 4575 Λαρτίου
1151 4510 1300 4579 μιμούμενοι
1328 4515 1377 4559 τῶν

234 4601 310 4670 (Cob.
329 4598 351 4654 Ικ
373 4592 436 4670 τῶν)
458 4599 554 4675 ὄρχεων
577 4610 717 4676 κρεμῶμεν.
